2782 4972
303 280 366 346 168
747 278 962 344 ORIGENIS
1337 280 1390 347 Vl.

299 438 571 548 Ἀποφάσειτὸ
584 439 710 543 μικρὸν
724 441 817 543 μέγα
832 441 1032 544 γενήσεται.
1065 438 1122 521 Τά
1142 440 1181 520 δέ
1195 441 1292 543 μέγα
1330 486 1337 513 ι
1376 487 1381 508 ι

299 573 346 652 εἱς
374 565 437 647 τὸν
468 567 613 670 ἄπειρον
645 572 769 665 αἰῶνα,
799 572 859 648 καὶ
888 567 1179 671 ἀπαράλλαισον
1209 566 1254 648 τὸ
1284 568 1375 667 μηκ’

299 693 496 796 γινόμενον.
550 701 636 781 Πῶς
660 696 724 775 οὖν
749 698 807 774 καὶ
833 697 912 775 τίνα
937 694 1085 799 τρύπον,
1105 697 1220 803 φησὶ,
1240 707 1390 776 πλασι.

297 820 362 902 τὸν
391 822 581 924 ἄνθρωπον
606 826 626 903 ὁ
653 821 731 908 θεὸς
753 826 792 902 ἐν
820 824 1041 929 παραδείσῳ,
1066 824 1183 906 οὕτως
1208 821 1284 925 γάρ
1316 825 1351 891 ι’

298 953 402 1028 δοκεῖ.
456 945 598 1047 Ἔστω,
630 952 739 1055 φησὶ,
774 947 992 1053 παράδεισος
1028 950 1050 1048 ἡ
1087 946 1225 1052 μήτρα,
1259 953 1319 1028 καὶ

297 1072 402 1155 τοῦτό
428 1078 529 1155 ἐστιν
556 1074 731 1175 ἀληθέςή
760 1071 890 1181 Γραφὴ
916 1071 1049 1177 διδάξει
1078 1073 1137 1153 ὅτε
1166 1076 1279 1175 λέγει·
1305 1072 1349 1155 Ἐ
1378 1120 1391 1142 ι

297 1208 365 1302 εἶμι
388 1207 408 1282 ὁ
432 1200 618 1283 πλάσσων
644 1237 689 1283 σε
711 1205 749 1282 έν
767 1201 887 1307 μήτρᾳ
903 1198 1037 1303 μητρός
1056 1235 1140 1282 σου.
1196 1205 1271 1281 Καὶ
1298 1236 1391 1279 rw

298 1329 370 1431 γὰρ
397 1332 489 1409 οὕτω
517 1329 610 1409 θέλει
637 1327 850 1437 γεγράφθω.
905 1327 982 1407 Τὸν
1008 1324 1246 1429 παράδεισον,
1272 1333 1385 1434 φησὶν

297 1458 516 1559 ἀλληγορῶν
548 1459 568 1536 ὁ
598 1460 753 1554 Μωσῆς,
783 1452 849 1554 τὴν
876 1454 1015 1557 μήτραν
1047 1453 1199 1556 εἴρηκεν,
1230 1453 1328 1557 εἴπερ
1359 1498 1366 1523 0

296 1578 473 1686 τῷλόγῳ
500 1581 689 1662 πιστεύειν.
751 1568 861 1661 Είδέ
886 1578 1051 1660 πλάσσει
1074 1582 1096 1659 ὃ
1116 1576 1201 1664 θεὸς
1223 1583 1262 1660 ε’ν
1285 1616 1387 1685 μητι

296 1703 429 1808 μητρὸς
447 1703 511 1786 τὸν
529 1707 729 1811 ἄνθρωπον,
739 1706 923 1789 τουτέστιν
940 1707 978 1784 ἐν
995 1706 1220 1813 παραδείσῳ,
1234 1710 1284 1793 ὡς
1301 1707 1386 1813 ἔφην

296 1831 391 1912 ἕστο
415 1831 631 1935 παράδεισος
654 1836 677 1933 ἡ
695 1834 826 1936 μήτρα,
839 1832 950 1932 Ἐδὲμ
968 1831 1005 1910 δὲ
1022 1830 1065 1913 τὸ
1082 1834 1233 1938 χωρίον·
1255 1845 1378 1915 “ποτα

296 1957 363 2058 μὸς
386 1959 656 2065 ἐκπορευόμενος
679 1957 724 2062 ἐξ
739 1960 850 2058 Ἐδέμ
874 1956 1025 2061 ποτίζειν
1051 1956 1116 2039 τὸν
1141 1958 1376 2063 παράδεισον,

298 2090 318 2166 ὁ
336 2085 516 2194 ὀμφαλός·
539 2088 650 2185 οὗτος,
662 2091 789 2193 φησὶν,
802 2085 1005 2193 ἀφορίζεται
1023 2087 1044 2166 ὁ
1062 2083 1235 2192 ὀμφαλὸς
1252 2092 1302 2172 εἰς
1313 2088 1378 2169 τέσ

296 2249 413 2317 σαρας
441 2215 567 2320 ἀρχὰς,
587 2214 797 2318 ἑκατέρωθεν
825 2212 898 2317 γὰρ
924 2223 989 2294 τοῦ
1016 2217 1190 2320 ὀμφαλοῦ
1218 2214 1283 2294 δύο
1310 2217 1387 2295 είσ“

296 2342 457 2443 ἀρτηρίαι
490 2341 808 2445 παρατεταγμένοι,
843 2343 959 2444 ὀχετοὶ
990 2339 1207 2439 πνεύματος,
1243 2344 1302 2420 καὶ
1337 2340 1389 2419 δύι

297 2464 431 2570 φλεβες
457 2469 572 2570 ὀχετοὶ
600 2467 759 2565 αἵματος.
810 2466 978 2547 Ἐπειδὰν
1005 2465 1054 2564 δὲ,
1075 2471 1208 2574 φησὶν,
1235 2467 1309 2549 ἀπὸ
1335 2503 1378 2547 τι

296 2587 405 2689 Ἐδέμ
423 2593 555 2696 χωρίου
571 2591 844 2696 ἐκπορευόμενος
861 2597 882 2673 ὁ
900 2592 1068 2699 ὀμφαλὸς
1083 2595 1204 2700 ε’μφυῇ
1223 2598 1279 2702 τῷ
1295 2628 1337 2696 γε
1364 2638 1370 2665 ι

203 2738 242 2819 63
262 2757 288 2798 r.
296 2716 390 2826 μένῳ
407 2717 499 2799 κατὰ
517 2718 559 2800 τὸ
578 2718 809 2823 ἐπιγάστριον
824 2725 848 2777 ⁴¹⁵
862 2720 903 2800 ὃν
920 2726 1045 2804 κοινῶς
1058 2718 1189 2805 πάντες
1204 2755 1254 2801 πο
1268 2766 1323 2793 w
1364 2765 1370 2791 ι

295 2846 461 2948 ρεύουσιν
490 2844 671 2953 ὀμφαλόν·
709 2851 745 2925 αι’
774 2845 810 2925 δὲ
838 2845 902 2927 δύο
930 2844 1077 2953 φλέβες,
1104 2845 1148 2924 δι’
1173 2843 1227 2925 ὧν
1258 2853 1314 2953 ῥεῖ
1341 2883 1374 2928 ιο

297 2972 437 3079 φέρεται
468 2972 539 3053 ἀπὸ
567 2983 631 3053 τοῦ
648 2970 758 3072 Ἐδέμ
782 2982 846 3053 τοῦ
870 2974 1001 3078 χωρίου
1027 2971 1070 3052 τὸ
1097 2970 1186 3071 αἷμα
1214 2973 1312 3055 κατὰ
1338 2972 1391 3053 τὰ

297 3101 520 3199 καλουμένας
546 3100 665 3184 πύλας
692 3108 756 3178 τοῦ
784 3100 933 3197 ἥπατος,
954 3099 1080 3183 αἵτινες
1104 3096 1147 3179 τὸ
1175 3102 1377 3200 γεννῶμενο

295 3225 505 3333 τρέφουσιν·
556 3232 592 3304 αἱ
629 3224 667 3304 δὲ
698 3227 860 3330 ἀρτηρίαι
891 3224 934 3310 ἃς
966 3226 1101 3333 ἔφημεν
1132 3226 1283 3332 ὀχετούς
1314 3225 1374 3307 εἷ

295 3353 506 3452 πνεύματος,
528 3352 738 3455 ἑκατέρωθεν
762 3350 827 3451 μὲν
852 3359 1037 3446 λαβοῦσαι
1061 3349 1129 3451 τὴν
1152 3352 1287 3435 κύστιν
1309 3389 1384 3435 κατ

294 3478 337 3560 τὸ
364 3478 486 3561 πλατύ
508 3485 654 3578 ὀστοῦν,
674 3479 765 3584 πρὸς
781 3477 848 3579 τὴν
869 3478 1033 3580 μεγάλην
1058 3477 1313 3563 συνάπτουσιν
1331 3485 1375 3584 άρ

294 3610 419 3711 τηρίαν
442 3607 508 3706 τὴν
536 3607 627 3689 κατὰ
650 3605 755 3714 ῥάχιν
780 3604 1003 3704 καλουμένην
1027 3604 1173 3708 (ἑορτὴν,
1200 3610 1262 3686 καὶ
1288 3610 1330 3688 οα
1356 3658 1369 3677 ι»

295 3732 352 3811 διὰ
370 3740 443 3813 τῶν
460 3735 676 3839 παραθύρων
694 3737 750 3816 ἐπὶ
767 3733 834 3834 τὴν
849 3736 998 3838 καρδίαν
1014 3737 1167 3814 ὁδεῦσαν
1184 3732 1229 3814 τὸ
1245 3744 1337 3816 πνεῦ
1367 3780 1373 3802 ι

294 3861 435 3958 κίνησιν
461 3859 641 3963 ἐργάζεται
668 3870 741 3943 τῶν
764 3860 940 3964 ἐμβρύων.
985 3858 1244 3958 Πλαττόμενον
1263 3861 1338 3965 γὰρ
1353 3897 1374 3941 τ

294 3986 429 4092 βρέφος
460 3989 497 4065 έν
528 3990 580 4094 τῷ
614 3991 834 4095 παραδείσῳ,
869 3991 947 4068 οὔτε
981 3990 1033 4093 τῷ
1066 3987 1223 4085 στόματι
1255 3986 1373 4095 τροφὴ

338 4165 384 4219 ι4.
401 4147 473 4204 Cod.
488 4150 673 4222 ἀπαραλακτον.
865 4149 970 4206 Genea.
986 4149 1025 4213 11,
1039 4168 1083 4205 10.

340 4244 383 4306 15.
399 4230 471 4286 Cod.
486 4233 604 4287 πλάσεις.
904 4247 953 4300 3¹·
970 4230 1117 4288 Excidisse
1131 4229 1225 4303 aliqua
1239 4231 1377 4289 videntur.

338 4329 383 4385 19.
400 4310 473 4368 Cod.
487 4314 605 4368 πλάσαι.
904 4311 952 4384 36.
967 4313 1014 4382 μὲν
1029 4311 1150 4367 fortusse
1167 4310 1333 4383 delendum,
1347 4318 1389 4368 aut

336 4408 351 4445 2
356 4404 382 4465 5.
398 4389 469 4448 cod.
493 4393 598 4459 ποτίζει.
641 4388 760 4446 Corrcxi
786 4408 820 4446 ex
862 4391 921 4466 leg.
938 4395 1116 4459 συνλαβοῦσαι
1131 4393 1251 4465 (συλλ).
