2782 4972
119 295 183 361 272
561 290 779 357 ORIGENIS
1127 292 1214 359 vm
1224 313 1277 372 14-

116 456 222 555 με’νης
235 459 299 554 τῆς
316 453 471 554 δεκάτης,
483 455 559 553 ἥτις
572 456 673 535 ἐστὶν
686 453 780 560 ἀρχὴ
795 452 947 541 δεκάδος
960 456 1028 563 ἀφ’
1042 457 1099 557 ἧς,
1110 461 1240 565 &noim

118 586 343 686 ἀριθμοῦσιν.
378 582 430 660 Ἡ
446 579 518 685 γὰρ
536 580 648 681 μονὰς
666 581 732 667 ἕως
749 586 815 680 τῆς
832 583 1223 685 τεσσαρεσκαιδεκάτης

117 710 195 788 ἐστὶ
213 706 254 787 τὸ
273 704 470 813 κεφάλαιον
487 711 551 804 τῆς
569 714 651 806 μιᾶς
669 716 734 787 τοῦ
751 709 889 788 τελείου
909 710 1084 811 ἀριθμοῦ.
1131 711 1224 792 Τότε

118 831 190 935 γὰρ
207 831 245 909 ἓν
264 829 327 910 δόο
344 833 425 935 τρία
443 831 609 934 τέσσαρα
627 834 760 933 γίνεται
778 832 876 929 δέκα,
898 834 994 938 ὅπερ
1011 836 1116 915 ἐστὶν
1134 837 1155 934 ἡ
1171 838 1225 933 μία

120 960 252 1060 κεραία.
302 956 398 1037 Ἀπὸ
428 956 465 1036 δὲ
491 961 556 1056 τῆς
582 957 998 1061 τεσσαρεσκαιδεκάτης,
1019 965 1152 1067 φησὶν,
1170 963 1226 1045 ἕως

119 1092 201 1184 μιᾶς
226 1086 285 1162 καὶ
309 1081 444 1168 εἰκάδος
466 1081 649 1181 ἑβδομάδα
671 1084 767 1185 λέγει
789 1083 1038 1192 ὑπάρχουσαν
1055 1091 1095 1167 ἐν
1112 1093 1156 1194 τῇ
1172 1092 1258 1195 μιᾲιο

120 1210 250 1315 κεραάρ,
266 1217 330 1288 τοῦ
349 1206 488 1309 κόσμου
501 1206 567 1307 τὴν
580 1211 699 1289 κτίσιν
716 1208 851 1310 άζυμον
867 1212 906 1290 ἐν
923 1212 1072 1299 τούτοις
1089 1213 1224 1294 άπασιν.

122 1341 167 1415 Εἰ
184 1334 255 1438 γάρ
274 1336 420 1434 δεηθείη,
439 1339 567 1442 φησὶν,
588 1337 611 1436 ἡ
632 1337 695 1434 μίιι
718 1338 840 1440 κεραία
865 1340 1001 1423 οὐσίας
1017 1336 1119 1424 τινός
1135 1342 1225 1418 οἱονεὶ

12 1490 71 1554 107
86 1494 110 1534 r.
141 1459 230 1559 ιίμης
258 1459 391 1564 ἔξωθεν
418 1466 466 1544 είς
492 1458 534 1540 τό
561 1460 700 1566 Πάσχα
726 1471 791 1541 τοῦ
814 1464 971 1565 Κυρίου,
998 1462 1069 1562 τὴν
1096 1464 1223 1542 αἰώνων

122 1584 247 1690 ἑορτὴν
274 1587 350 1684 ἥτις
376 1588 476 1667 ἐστὶν
504 1586 643 1673 εἰςτὰς
670 1586 791 1689 γενεάς
820 1589 1009 1689 δεδομένη·
1049 1591 1137 1674 ὅλος
1162 1588 1222 1691 γὰρ

123 1717 142 1793 ό
167 1711 304 1810 κόσμος
331 1714 389 1791 καὶ
417 1711 536 1793 πάντα
561 1718 625 1814 τῆς
652 1716 800 1800 κτίσεως
827 1714 937 1812 α’ίτια,
963 1714 1110 1822 Πάσχα
1137 1718 1221 1794 ἐστὶν
1229 1741 1250 1799 15

121 1837 224 1943 ἑορτὴ
246 1840 394 1942 Κυρίου·
425 1841 538 1943 χαίρει
556 1838 629 1943 γὰρ
646 1845 666 1921 ό
685 1840 763 1924 θεὸς
785 1844 849 1940 τῆς
874 1842 1032 1927 κτίσεως
1053 1847 1101 1947 τῇ
1125 1877 1218 1941 μετα·

120 1971 230 2072 βολῇ,
244 1967 320 2065 ἥτις
342 1965 410 2045 ὑπὸ
428 1973 500 2045 τῶν
519 1963 604 2045 δέκα
621 1969 778 2047 αὐλιτῶν
795 1970 859 2066 τῆς
877 1969 1026 2069 κεραίας
1042 1971 1220 2071 ἐνεργεῖται

121 2098 185 2192 τῆς
195 2100 288 2192 μιᾶς,
298 2092 374 2191 ἥτις
383 2094 462 2171 ἐστὶ
475 2092 641 2178 Μωσέως
652 2091 786 2197 ῥάβδος
798 2091 867 2172 ὑπὸ
878 2100 946 2172 τοῦ
957 2098 1044 2174 θεοῦ
1055 2094 1219 2193 δεδομένη,

121 2217 166 2316 ἢν
190 2226 264 2302 τοῖς
286 2219 495 2318 Αἰγυπτίοις
517 2217 703 2318 πλήσσειν
725 2216 972 2318 μεταβάλλειν
993 2218 1042 2300 τὰ
1066 2220 1220 2320 σώματα,

122 2342 279 2444 καθάπερ
304 2340 370 2440 τὴν
394 2351 494 2448 χεῖρα
521 2345 698 2442 Μωσέως,
721 2344 763 2424 τὸ
789 2347 884 2448 ὕδωρ
904 2349 955 2430 εὶς
981 2345 1087 2446 αἷμα,
1108 2351 1165 2427 καὶ
1183 2346 1252 2427 τόν

124 2466 235 2547 λοιπά
253 2466 390 2552 τούτοις
405 2472 683 2572 παραπλησίως·
705 2472 862 2574 ἀκρίδας,
878 2471 968 2574 ὅπερ
987 2474 1067 2555 ἔστι
1087 2473 1218 2581 χόρτος,

124 2601 197 2675 τῶν
215 2596 402 2700 στοιχείων
426 2601 474 2679 εἰς
498 2594 620 2699 σάρκα
637 2595 844 2696 μεταβολὴν
862 2597 973 2699 λέγει·
1003 2608 1143 2682 “mica
1159 2599 1220 2702 γὰρ

125 2718 228 2824 σάρξ
238 2718 396 2825 χόρτος,”
407 2722 531 2825 φησίν.
559 2720 677 2802 Οὐδὲν
691 2721 727 2801 δέ
740 2722 848 2823 ἦττον
861 2727 922 2802 καὶ
934 2721 1004 2804 τόν
1021 2726 1112 2805 όλον
1125 2726 1221 2823 νόμον

127 2853 159 2926 οἱ
184 2846 308 2950 άνδρες
331 2845 427 2925 οὗτοι
449 2844 609 2925 τοιοῦτόν
634 2882 713 2927 τινα
737 2846 871 2951 τρόπον
895 2848 1119 2954 ἐκδέχονται,
1129 2849 1221 2954 τάχα

125 3009 196 3053 που
224 2971 615 3071 κατακολουθήσαντες,
637 2978 685 3058 ὡς
706 2973 776 3075 ἐγὼ
805 2978 911 3072 δοκῶ,
931 2976 1134 3077 Ἑλλήνων
1158 2983 1222 3060 τοῖς
1230 3001 1251 3062 25

126 3101 299 3199 λέγουσιν
325 3101 452 3180 οὐσίαν
475 3095 561 3176 εἶναι
588 3103 648 3178 καὶ
674 3100 777 3180 ποιόν
795 3103 854 3179 καὶ
870 3099 994 3181 ποσόν
1013 3105 1073 3181 καὶ
1090 3101 1181 3205 πρός
1194 3137 1222 3182 τι

126 3229 183 3304 καὶ
205 3235 276 3305 ποῦ
302 3230 359 3306 καὶ
383 3224 482 3321 πότε,
502 3225 560 3302 καὶ
586 3231 723 3304 κεῖσθαι
749 3228 808 3304 καὶ
833 3233 945 3305 ποιεῖν
969 3232 1032 3308 καὶ
1057 3228 1222 3334 ἔχεινκαὶ

125 3349 292 3456 πάσχειν.

68 3485 115 3565 ¹5
182 3486 384 3582 Τοιγαροῦν
407 3479 592 3579 Μονόῖμος
616 3478 721 3565 αὐτὸς
743 3481 780 3558 ἐν
805 3483 848 3584 τῇ
874 3477 966 3583 πρὸς
985 3480 1223 3588 θεόφραστον

124 3607 300 3709 ἐπιστολῇ
329 3605 520 3709 διαρρήδην
547 3608 657 3709 λέγει,
683 3603 891 3686 καταλιπὼν
919 3603 1036 3705 ζητεῖν
1062 3605 1145 3688 θεὸν
1171 3610 1256 3687 κιιὶ3ο

123 3732 253 3835 κτίσιν,
266 3731 381 3811 καὶτὰ
395 3732 531 3817 τούτοις
541 3732 794 3835 παραπλήσια·
813 3742 835 3778 “
849 3730 1020 3830 Ζήτησον
1034 3733 1145 3814 αὐτὸν
1158 3731 1223 3813 άπὸ

126 3857 263 3954 ἑαυτοῦ,
285 3863 343 3936 καὶ
368 3858 470 3955 μάθε,
490 3860 544 3943 τίς
560 3861 660 3938 ἐστιν
679 3862 699 3938 ό
716 3856 835 3937 πάντα
860 3854 1093 3959 ἁπαξαπλῶς
1109 3862 1148 3939 ἐν
1168 3862 1223 3940 σοὶ

167 4121 365 4194 5.(3οι1.ε’ίτις.
741 4144 785 4200 19.
802 4125 873 4181 Cod.
899 4123 914 4193 ἦ
938 4127 992 4194 τῆς.
1037 4125 1117 4183 Fort.
1137 4126 1221 4194 πληξει

169 4217 193 4274 7.
211 4201 322 4257 Excidit
337 4220 393 4257 vox
408 4206 515 4275 κεραίας.
695 4210 789 4276 μεταβ.

172 4296 215 4354 17.
232 4283 279 4336 An
295 4281 353 4335 δέκα
367 4283 455 4339 ὖλῶνῖ
741 4304 788 4342 22.
799 4285 875 4341 Fort.
885 4283 955 4358 [τὴν]
964 4291 1023 4340 τῶν.
1036 4283 1219 4349 Jesai.XL.6·

170 4361 214 4417 18.
232 4361 301 4418 Cod.
316 4361 417 4432 ράυδος.
740 4367 786 4421 26.
802 4365 874 4422 Cod.
890 4368 982 4421 τόσον.
