2782 4972
312 304 377 365 184
751 298 965 366 ORIGENIS
1350 296 1379 359 V

314 458 485 540 Πλάτων.
545 463 628 558 Πῦρ
660 456 732 560 γσίρ
763 460 864 539 ἐστιν
896 458 1010 556 ἥλιος,
1034 457 1153 565 ψυχή·
1192 464 1323 556 σῶμα,
1361 499 1391 528 0:

311 585 417 685 λὴνη.
476 583 741 686 Χωρισθέντων
762 583 799 661 δὲ
824 582 950 686 πυρὸς,
970 581 1071 663 οὐδὲν
1097 583 1145 662 ἄν
1169 617 1265 664 ποτε
1290 580 1387 686 ὁρατ

311 712 464 811 γένοιτο,
494 708 574 789 οὐδὲ
605 707 720 789 ἁπτὸν
751 709 834 787 ἄνευ
863 706 958 792 τινδς
987 717 1148 811 στερεοῦ·
1189 708 1344 813 στερεὸν
1384 728 1391 777 ι’

219 864 255 929 71
274 868 301 911 r.
313 841 376 917 οὐκ
402 839 485 917 ἄνευ
503 842 582 938 γῆς·
605 836 685 916 ὅθεν
707 838 746 913 ἐκ
768 832 882 937 πυρὸς
900 838 958 914 καὶ
975 839 1043 935 γῆς
1061 832 1151 938 ἀέρα
1168 869 1209 915 τε
1237 840 1259 915 ὁ
1285 833 1363 919 θεὸς
1385 876 1391 904 =

309 961 413 1071 μέσιρ
449 960 593 1061 θίμενος
629 960 671 1041 τὸ
708 970 772 1039 τοῦ
812 959 947 1045 παντὸς
981 959 1250 1062 ε’δηγμσόργησε
1292 966 1350 1040 σῶ
1380 1004 1387 1027 ι

310 1092 475 1192 Ἀριθμεῖ
499 1088 547 1185 δὲ,
569 1089 676 1195 φησὶ,
702 1090 761 1165 καὶ
790 1094 981 1189 γεωμετρεῖ
1001 1084 1065 1165 τὸν
1091 1084 1240 1183 κόσμον
1267 1089 1288 1164 ὁ
1315 1086 1340 1183 ἧ
1380 1128 1386 1152 ι

310 1214 469 1295 τοιοῦτόν
486 1249 565 1295 τινα
582 1212 725 1317 τρόπον.
763 1215 812 1291 Ὁ
829 1210 895 1310 μὲν
918 1210 1055 1310 κόσμος
1073 1213 1175 1291 ἐστὶν
1195 1214 1218 1290 ὁ
1241 1208 1386 1310 αἱσθητ

309 1341 369 1438 εἶς,
389 1345 469 1445 περὶ
486 1343 527 1421 οὗ
545 1339 700 1442 λέγομεν
717 1348 836 1419 τανῦν.
894 1335 1049 1443 Διῄρηκε
1072 1339 1101 1416 δ
1118 1334 1234 1417 αι’ττδν
1262 1341 1390 1440 ἀριθμη

309 1467 404 1551 τικός
428 1501 481 1551 τις
507 1465 559 1544 (δν
586 1471 645 1545 καὶ
671 1463 873 1567 γεωμέτρης
899 1470 947 1548 είς
971 1465 1096 1565 μοίρας
1117 1449 1169 1556 ὦ.
1237 1468 1312 1543 Καὶ
1359 1508 1365 1533 ι

308 1598 385 1676 ταῖς
415 1593 553 1695 μοίραις
581 1591 725 1676 ταύταις
753 1590 922 1689 ὀνόματα,
952 1588 1060 1693 κριδς,
1081 1597 1231 1693 ταῦρος,
1260 1593 1338 1671 δίδυ
1369 1634 1391 1661 ¹1

310 1719 486 1820 καρκίνος,
516 1718 621 1812 λε’ων,
651 1713 840 1819 παρθένος,
872 1713 989 1817 ζυγὸς,
1019 1715 1211 1817 σκορπίος,
1244 1712 1376 1819 τοξόιη

308 1842 510 1946 αἰγόκερως,
532 1841 714 1947 ὑδροχόος,
737 1840 863 1947 ἰχθύες.
922 1838 1043 1921 Πόλιν
1069 1846 1143 1921 τῶν
1169 1840 1313 1921 δώδεκα
1331 1875 1389 1939 μοι

307 1976 381 2070 ρῶν
402 1968 559 2067 ἑκάστην
583 1972 707 2071 διαιρεῖ
728 1973 776 2052 είς
794 1970 920 2070 μοίρας
937 1964 1140 2071 τριάκοντα,
1162 1966 1297 2052 αἵτινες
1321 1971 1387 2048 eia*

306 2092 432 2198 ἡμέραι
464 2093 587 2192 μηνός.
649 2092 771 2174 Πόλιν
803 2096 920 2175 αὐτῶν
950 2102 1023 2174 τῶν
1051 2092 1248 2197 τριάκοντα
1278 2102 1389 2197 μοιρῶ

306 2219 462 2318 ἑκάστην
493 2226 623 2322 μοῖραν
656 2224 781 2323 διαιρεῖ
807 2226 855 2306 είς
881 2218 998 2301 λεπτὰ
1025 2217 1217 2322 ἑξήκοντα,
1251 2225 1312 2300 καὶ
1340 2228 1389 2300 τῶ

306 2352 449 2424 λεπτῶν
467 2342 583 2422 λεπτὰ
600 2350 659 2425 καὶ
676 2346 724 2424 ἔτι
743 2344 948 2449 λεπτότερα.
1007 2349 1079 2425 Καὶ
1095 2354 1204 2425 τοῦτο
1225 2350 1281 2426 ἀεὶ
1299 2354 1388 2427 ποιῶ

307 2475 364 2549 καὶ
390 2468 440 2567 μὴ
469 2470 680 2570 παυόμενος,
710 2474 796 2552 ἀλλ’
823 2471 994 2576 ἀθροίζων
1029 2474 1066 2551 ε’κ
1099 2472 1240 2551 τούτων
1274 2479 1386 2575 μοιρῶ

306 2602 379 2675 τῶν
397 2594 616 2701 διῃρημένων
634 2601 692 2678 καὶ
716 2606 829 2680 ποιῶν
849 2596 1018 2695 ἐνιαυτὸν,
1039 2600 1098 2677 καὶ
1118 2598 1221 2681 αὖθις
1240 2599 1389 2679 ἇναλθω

307 2727 365 2803 καὶ
390 2730 532 2828 διαιρῶν
549 2723 592 2805 τὸ
611 2728 855 2827 συγκείμενον,
875 2724 940 2805 τόν
956 2726 1071 2825 με’γαν
1096 2722 1283 2805 ἀθάνατον
1300 2760 1383 2806 απει

307 2850 448 2953 γόζεται
466 2850 617 2951 κόσμον.

246 2996 297 3070 29
363 2977 519 3076 Τοιαύτη
547 3013 612 3074 τις,
639 2980 688 3061 ὡς
714 2980 751 3055 ε’ν
778 2980 985 3085 κεφαλαίοις
1012 2983 1117 3057 εἰπεῖν
1143 2977 1363 3076 ἐπελθόντα,

309 3103 525 3206 Πυθαγόρου
562 3108 619 3182 καὶ
659 3101 860 3188 Πλάτωνος
891 3104 1089 3202 συνέστηκε
1127 3100 1235 3205 δόξα,
1271 3106 1336 3209 ἀφ’

307 3232 547 3314 Οόαλεντῖνος
566 3232 629 3309 οὐκ
654 3227 726 3308 ἀπὸ
750 3236 823 3308 τῶν
843 3232 1078 3331 Εὐαγγελίων
1095 3227 1160 3327 τὴν
1183 3226 1387 3331 αίρεσιντὴ

306 3358 431 3436 ἑαυτοῦ
450 3354 680 3456 συναγαγὼν,
695 3358 744 3439 ὡς
758 3356 983 3460 ἐπιδείξομεν,
997 3358 1137 3440 δικαίως
1150 3355 1388 3460 Πυθαγορικ

305 3485 362 3559 καὶ
379 3479 624 3578 Πλατωνικὸς,
638 3483 679 3559 οὐ
693 3480 923 3582 Χριστιανὸς,
932 3483 1130 3582 λογισθείη.
1162 3482 1379 3561 Οὖαλεντῖν

304 3608 423 3685 τοίνυν
441 3610 500 3685 καὶ
517 3606 731 3710 Ἡρακλέων
748 3611 806 3685 καὶ
826 3613 1052 3705 Πτολεμαῖος
1071 3610 1128 3685 καὶ
1149 3613 1257 3686 πᾶσα
1282 3606 1385 3706 ἡτοθ

304 3764 377 3809 των
413 3731 549 3835 σχολὴ,
588 3738 621 3811 οἱ
659 3730 874 3834 Πυθαγόρου
911 3735 970 3811 καὶ
1004 3731 1205 3816 Πλάτωνος
1234 3735 1386 3832 μαθηταὶ

306 3857 616 3955 ἀκολουθήσαντες
639 3867 714 3942 τοῖς
737 3858 1055 3958 καθηγησαμένοις,
1079 3856 1315 3959 ἀριθμητικὴν
1339 3855 1379 3954 τι)

349 4137 395 4198 73.
411 4125 434 4180 F
434 4133 488 4181 ort.
503 4126 575 4194 ἥλιος
593 4127 633 4178 καὶ
648 4126 733 4196 ψυχὴ,
749 4125 803 4190 vel,
818 4126 833 4195 ἢ
917 4126 965 4182 8².
980 4125 1051 4181 Cod.
1067 4126 1178 4195 δίδυμος.

305 4206 390 4278 ψυχή.
916 4206 963 4262 86.
979 4206 1050 4280 Leg.
1064 4207 1144 4261 πόλιν
1156 4203 1188 4260 αὖ
1202 4212 1254 4262 τῶν
1266 4230 1346 4282 τριακ.

350 4300 396 4359 74.
409 4287 486 4342 Fort.
496 4284 626 4359 χωρισθὲν
635 4284 680 4342 vel
690 4285 831 4359 χωρισθίν-
917 4286 964 4360 89.
980 4286 1052 4343 Cod.
1069 4291 1097 4341 ἒκ
1110 4291 1156 4342 τοῦ
1169 4292 1229 4343 τῶν.

307 4386 358 4423 τος.
