2782 4972
124 290 187 357 106
562 286 778 352 οιιιαςυιε
1201 285 1297 367 νη-

124 452 357 558 οἱνθράπων·”
386 455 424 532 ε’κ
449 455 662 556 παλιρροίας
686 449 930 558 στρεφόμενος
952 454 1032 548 atet,
1052 451 1145 532 ποτέ
1161 453 1233 531 ἅνω

125 580 211 662 ποτὲ
238 580 346 661 κάτω.
405 580 515 659 Ἀλλ’
543 580 642 676 ὅταν,
664 581 772 685 φησὶ,
793 576 890 658 κάτω
917 579 981 684 ῥέῃ
1011 582 1031 659 ὁ
1063 578 1231 676 ὠκεανὸς,

126 708 266 808 γε’νεσις
292 708 392 787 ε’στὶν
419 705 630 809 ἀνθρώπων·
671 705 758 785 ὅταν
786 703 823 782 δέ
849 704 924 783 ἅνω
954 707 1014 784 ε’πὶ
1042 704 1089 786 τὸ
1120 711 1234 811 τεῖχος

127 831 251 911 καὶτὸ
277 830 476 936 χαράκωμα
503 834 562 909 καὶ
584 827 651 928 τὴν
677 827 843 910 Λευκάδα
868 830 1017 933 πέτρην,
1036 830 1181 932 γένεσίς
1196 862 1272 911 τειο

126 958 228 1031 θεῶν.
278 951 397 1032 Τοῦτό
418 955 510 1049 έστι,
532 955 640 1057 φησὶ,
661 950 703 1031 τὸ
730 950 990 1054 γεγραμμενον,
1015 951 1133 1053 αέγὸ
1153 948 1234 1032 εἶπα

127 1082 200 1158 θεοὶ
222 1077 304 1158 ε’στέ
329 1080 387 1157 καὶ
412 1082 479 1158 υἱοὶ
505 1077 664 1184 ύφίστου
691 1074 856 1161 πάντες.”
917 1075 1048 1156 “'Eiw
1074 1077 1150 1158 ἀπὸ
1171 1082 1234 1176 τῆς

129 1203 315 1305 Αἰγύπτου
330 1210 456 1310 φυγεῖν
475 1202 651 1301 σπεύδητε
668 1205 727 1280 καὶ
745 1201 900 1302 γένησθε
917 1202 1031 1307 πέραν
1043 1207 1112 1302 τῆς
1124 1203 1231 1307 Ἐρυ-

129 1335 217 1432 θρᾶς
252 1327 447 1427 θαλάσσης
474 1333 522 1413 εἰς
552 1325 620 1426 τὴν
654 1328 819 1430 ἕρημον,”
848 1328 1033 1409 τοιπέστιν
1066 1329 1144 1410 ἀπὸ
1171 1334 1233 1428 τῆς

130 1453 226 1533 κάτω
243 1452 444 1556 μίξεως
389 1488 446 1532 επι
469 1451 535 1551 τὴν
558 1454 632 1533 ἅνω
650 1452 949 1557 Ἱερουσαλὴμ,“
923 1489 1000 1552 ητις
1016 1456 1099 1535 ἐστὶ
1116 1455 1269 1558 μήτηρις

130 1579 283 1681 ζώντων·
304 1577 368 1627 “’
334 1613 395 1657 εαυ
413 1579 451 1659 δὲ
467 1576 581 1659 πάλιν
598 1582 878 1686 ε’πιστραφῆτε’
859 1583 916 1660 επὶ
931 1578 999 1680 τὴν
1014 1580 1231 1681 Α’ίγυπτον,”

130 1704 316 1785 τουτέστιν
344 1706 399 1785 ἐπὶ
427 1703 494 1803 τὴν
519 1702 615 1785 κάτω
642 1702 811 1808 μίξιν,
789 1740 837 1791 ως
864 1706 1045 1860 ἅνθρωποι
1072 1707 1230 1808 ἀποθνῆ·

131 1862 246 1913 σκετε
271 1830 444 1930 θνητη
400 1865 482 1936 γαρ,
496 1835 665 1937 φησὶ,
614 1867 720 1911 ποισα
737 1833 759 1929 ἡ
776 1830 872 1913 κάτω
890 1832 1040 1934 γένεσις,
1057 1832 1233 1919 ἀθάνατος

132 1957 180 2056 δὲ,
208 1960 230 2056 ἡ
262 1959 336 2038 σ’ίνω
364 1957 575 2059 γεννωμένη·
607 1965 772 2058 γεννᾶται
800 1958 873 2062 γὰρ
897 1956 941 2062 ἐξ
967 1962 1098 2045 ὕδατος
1125 1958 1233 2060 μόνου

131 2091 190 2166 καὶ
214 2085 425 2185 πνεύματος,
445 2083 690 2183 πνευματικὸς,
712 2086 753 2164 ού
775 2082 958 2187 σαρκικύς.
997 2086 1048 2165 Ὁ
1066 2085 1107 2164 δέ
1125 2085 1229 2183 κάτω,
1237 2127 1269 2185 3⁰

132 2212 314 2314 σαρκικὸς,
342 2210 517 2306 τουτέστι,
549 2214 655 2316 φησὶ,
687 2208 729 2289 τὸ
762 2209 1009 2312 γεγραμμένον
1042 2221 1071 2258 “
1085 2210 1145 2291 Τὸ
1172 2244 1229 2311 γε·

132 2337 344 2437 γεννημένον
361 2338 399 2414 ἐκ
416 2341 480 2434 τῆς
504 2334 654 2439 σαρκὸς,
674 2333 777 2438 σάρξ
801 2336 891 2431 ε’στι,
912 2337 971 2413 καὶ
996 2334 1040 2416 τὸ
1064 2368 1231 2437 γεγεννη·

134 2461 239 2561 μένον
264 2463 302 2538 ἔκ
326 2468 390 2539 τοῦ
417 2461 628 2560 πνεύματος,
648 2469 787 2560 πνεῦμα
813 2459 947 2540 ἐστίν.”
1006 2463 1110 2561 Αὕτη
1137 2464 1232 2543 ἐστὶν

136 2586 158 2683 ἡ
176 2583 252 2662 κατ’
271 2581 399 2669 αὐτοὺς
416 2583 632 2684 πνευματικὴ
650 2585 799 2686 γένεσις.
840 2586 970 2684 Οὗτος,
989 2589 1118 2692 φησὶν,
1137 2589 1232 2668 ἐστὶν

136 2715 156 2790 ὁ
173 2710 284 2811 μέγας
301 2708 497 2814 Ἰορδάνης,
518 2710 559 2791 ὃν
577 2709 673 2790 κάτω
691 2711 816 2815 ῥέοντα
840 2715 898 2790 καὶ
918 2711 1107 2792 κωλύοντα
1131 2711 1269 2816 &fd-35

135 2845 207 2919 θεῖν
233 2836 315 2922 τοὺς
348 2835 443 2921 υἱούς
469 2834 625 2939 Ἰσραὴλ
655 2839 693 2915 ἐκ
722 2842 790 2937 γῆς
820 2836 1007 2938 Αἰγύπτου
1039 2838 1170 2939 (ἤγουν
1195 2841 1232 2917 ἐκ

135 2969 198 3063 τῆς
224 2963 320 3043 κάτω
350 2961 492 3065 μίξεως·
535 2962 718 3064 Α’ίγωττος
745 2960 818 3066 γάρ
843 2966 921 3044 ε’στι
948 2962 991 3044 τδ
1019 2971 1133 3065 σῶμα
1159 2963 1231 3044 κατ’

135 3086 278 3193 αὐτοὺς)
299 3087 499 3167 ἀνέστειλεν
517 3088 660 3187 Ἰησοῦς
678 3091 736 3166 καὶ
753 3091 920 3188 ἐποίησεν
936 3089 1011 3168 ἅνω
1028 3090 1130 3194 ῥέειν.

103 3233 126 3310 8
191 3211 342 3298 Τούτοις
357 3216 415 3292 καὶ
434 3220 507 3298 τοῖς
525 3213 696 3298 τοιούτοις
713 3214 875 3313 ἑπόμενοι
893 3218 925 3293 οἱ
943 3214 1232 3314 θαυμασιώτατοι

137 3342 348 3436 Γνωστικοὶ,
378 3341 558 3447 ε’φευρεταὶ
590 3344 691 3439 κενῆς
722 3339 848 3445 τέχνης
877 3345 1141 3444 γραμματικῆς,
1172 3338 1271 3428 nino

134 3467 268 3545 ἑαυτῶν
285 3464 478 3572 προφήτην
490 3462 660 3567 Ὅμηρον
677 3475 790 3545 ταῦτα
807 3467 1055 3572 προφαίνοντα
1074 3467 1233 3571 ἀρρήτως

137 3588 329 3694 δοξάζουσι
365 3593 423 3669 καὶ
458 3589 540 3675 τοὺς
571 3590 748 3690 άμιάγτους
779 3591 845 3676 τὰς
880 3592 984 3691 ἁγίας
1013 3593 1161 3700 γραφὰς
1188 3596 1234 3677 είς

41 3756 84 3824 32
99 3760 129 3803 v.
138 3714 301 3798 τοιαύτας
322 3716 456 3798 ἐννοίας
480 3713 698 3816 συνάγοντες
721 3714 954 3819 ἐνυβρίζουσι.
1003 3717 1165 3818 Λέγουσι
1182 3712 1230 3796 δέ·

137 3847 158 3921 ὁ
179 3841 298 3943 λέγων
322 3839 368 3920 τὰ
394 3838 513 3920 πάντα
539 3840 584 3945 ἐξ
599 3839 676 3926 ἑνὸς
694 3840 924 3938 συνεστάναι,
944 3849 1139 3923 πλανᾶται.
1187 3844 1233 3922 Ὁ

180 4107 225 4145 ιο.
241 4089 319 4146 Fort.
333 4089 434 4162 γένεσις
447 4089 504 4143 ἐστι
517 4089 591 4144 θεῶν.
706 4088 770 4144 dam
796 4107 830 4145 ex
853 4086 993 4164 Stephani
1015 4087 1233 4164 protomartyris

179 4187 227 4225 αι.
249 4167 281 4228 S.
295 4168 341 4226 Jo.
361 4168 413 4225 Ev.
433 4185 479 4233 ro,
495 4185 545 4242 34,
568 4167 664 4225 addito
706 4169 843 4233 oratione,
859 4171 956 4225 Actor.
966 4168 1035 4226 vu.

136 4249 255 4307 &Luca
268 4252 297 4319 6,
307 4263 356 4323 35.
748 4247 964 4321 31.s.J0.Ev.
980 4264 1009 4319 3,
1025 4249 1054 4305 6.

177 4347 223 4385 τι.
246 4331 378 4389 Fortasse
399 4330 513 4404 respicit
534 4329 570 4386 ad
589 4346 664 4402 quoe-
747 4342 795 4402 35.
811 4328 883 4385 Cod.
899 4327 1051 4386 κυλίοντος.
