2782 4972
140 285 202 349 112
581 287 797 355 ORIGENIS
1237 288 1285 351 m

136 454 239 546 τικοί,
269 452 309 528 ού
337 452 513 552 σαρκικοί.
575 455 687 550 Αὕτη,
709 457 839 557 φησὶν,
861 454 966 532 ἐστὶν
993 453 1016 550 ἡ
1044 449 1237 535 ἀνάστασις

136 576 159 672 ἦ
185 574 241 655 διδ
266 581 330 675 τῆς
356 577 477 675 πύλης
503 578 668 678 γινομένη
693 584 767 657 τῶν
794 579 973 680 οὐρανῶν,
999 579 1045 656 δι’
1065 579 1112 678 ἧς
1139 585 1172 658 οἰ
1195 577 1237 677 μὴ

137 701 369 800 εἰσελθόντες,
387 708 494 810 φησί,
510 702 640 789 πάντες
657 700 804 804 μένουσι
824 705 952 807 νεκροί.
1001 709 1055 785 Οἱ
1074 704 1116 785 δὲ
1134 708 1268 807 αἴσυλα

137 833 244 935 φησί,
271 829 411 932 Φρύγες
438 827 502 909 τὸν
531 828 640 909 αὐτὸν
666 838 795 910 τοῦτον
821 828 935 910 πόλιν
965 834 1007 910 ἐκ
1036 836 1236 930 μεταβολῆς

136 955 287 1055 λέγουσι
305 955 397 1036 θεόν.
449 957 588 1036 Γίνεται
605 954 691 1059 γὰρ,
713 960 821 1062 φησί,
843 952 922 1039 θεὸς
941 954 1033 1034 ι”νταν
1053 958 1096 1034 ἐκ
1114 963 1235 1058 νεκρῶν

136 1081 296 1167 ἀναστὰς
324 1083 380 1162 διδ
407 1088 470 1181 τῆς
498 1081 661 1181 τοιαύτης
688 1079 807 1180 πύλης
832 1079 1081 1161 εἰσελεύσεται
1105 1088 1156 1168 εἰς
1180 1081 1233 1162 τόν

137 1209 299 1309 οὐρανόν.
357 1208 513 1307 Ταύτην,
535 1214 644 1315 φησί,
670 1206 736 1306 τὴν
764 1206 887 1306 πύλην
917 1213 1076 1293 Παῦλος
1104 1205 1232 1287 οἰδενό

135 1333 380 1428 Ἀπόστολος,
400 1333 621 1438 παρανοίξας
643 1337 681 1413 ε’ν
707 1335 893 1440 μυστηρίῳ
918 1338 980 1412 καὶ
1000 1335 1116 1415 εἰπὼν
1135 1349 1163 1385 “
1175 1338 1262 1439 ἦρι,

133 1458 273 1540 παίσθαι
300 1459 369 1540 ὑπὸ
397 1460 568 1561 ἀγγέλου,
596 1465 655 1538 καί
681 1460 862 1561 γεγονέναι
891 1460 957 1544 ἕως
986 1462 1153 1564 δευτέρου
1182 1465 1229 1541 καί

133 1585 254 1686 τρίτου
272 1589 423 1687 οὐρανοῦ
441 1591 488 1670 εἰς
505 1584 569 1666 τόν
586 1583 804 1688 παράδεισον
822 1583 943 1682 αὐτόν,
964 1591 1027 1666 καί
1049 1588 1227 1690 ἑωρακέναι

133 1703 330 1813 θ’ἑῶρόκε,
361 1716 419 1791 καί
450 1712 633 1811 ἀκηκοέναι
665 1711 807 1817 ῥήματα
835 1712 975 1814 ἄρρητα
1002 1711 1028 1792 ἃ
1057 1716 1126 1794 οὐκ
1155 1714 1228 1819 ἐξόν

133 1839 310 1946 ἀνθρώπῳ
336 1840 476 1918 εἰπεῖν.”
534 1836 659 1919 Ταῦτοί
684 1843 775 1935 ἐστι,
796 1842 904 1945 φησί,
924 1837 970 1916 τὰ
999 1840 1144 1943 ἄρρητα
1168 1840 1227 1922 ύπό

132 1963 277 2046 πόντων
301 1963 476 2066 λεγόμενα
502 1964 695 2068 μυστήρια,
719 1963 786 2043 “ἃ
810 1967 874 2044 οὐκ
901 1967 940 2043 ἐν
965 1968 1149 2053 διδωσοῖς
1171 1971 1244 2047 εἰν-ι

131 2096 311 2195 θρωπίνης
336 2094 470 2200 σοφίας
494 2090 630 2192 λόγοις,
650 2093 735 2171 ἀλλ’
755 2094 794 2171 ε’ν
821 2094 997 2175 διδακτοῖς
1024 2094 1228 2194 Πνεύματος

130 2226 376 2318 πνευματικοῖς
399 2216 616 2317 πνευματικὰ
642 2218 907 2321 συγκρίνοντες,
927 2216 1087 2322 ’ἰονχικός
1109 2219 1149 2300 δὲ
1170 2222 1225 2300 ἅν·

131 2349 273 2445 θροιτος
299 2348 339 2423 ού
364 2344 498 2450 δέχεται
523 2342 569 2424 τὰ
590 2352 655 2423 τοῦ
675 2343 883 2443 Πνεύματος
900 2353 965 2423 τοῦ
983 2350 1099 2444 Θεοῦ,
1120 2350 1227 2452 μωρία

130 2466 203 2571 γὰρ
231 2471 328 2575 αὐτῷ
356 2470 469 2567 ἐστί,”
488 2474 547 2549 καί
572 2466 684 2549 ταῶταί
708 2476 825 2576 φησιν
846 2473 925 2549 ἐστὶ
951 2468 997 2548 τὰ
1021 2480 1090 2552 τοῦ
1115 2474 1246 2565 [lvd-5

129 2631 242 2695 ματος
270 2595 407 2699 ἄρρητα
434 2597 627 2700 μυστήρια,
658 2593 682 2674 ἃ
710 2597 807 2695 ἡμεῖς
835 2596 940 2694 ’ίσμεν
965 2596 1083 2695 μόνοι.
1146 2605 1227 2703 Περί

129 2724 274 2823 τούτων,
290 2728 415 2830 φησὶν,
432 2723 566 2826 εἰρηκεν
584 2727 605 2802 ό
625 2719 762 2825 Σωτὴρ,
784 2735 809 2770 “
824 2724 935 2806 οὐδεὶς
953 2721 1103 2803 δύναται
1119 2729 1228 2805 ἐλθεῖν

128 2850 229 2953 πρός
242 2885 286 2950 με
309 2849 370 2929 εἰίν
396 2848 447 2949 μή
469 2883 548 2928 τινα
573 2847 711 2952 ἑλκύσῃ
731 2852 750 2928 ὁ
768 2847 888 2951 πατήρ
904 2883 975 2947 μου
993 2851 1013 2927 ὁ
1032 2848 1225 2952 ούριίνιος.”

131 2976 235 3056 Πάνυ
254 2977 336 3079 γὰρ,
350 2979 455 3083 φησί,
474 2973 656 3054 δύσκολον
679 2977 758 3055 ἐστὶ
781 2973 1055 3078 παραδέξασθαι
1077 2983 1136 3058 καί
1160 2989 1224 3058 λα·

127 3107 203 3192 βεῖν
221 3099 263 3180 τὸ
280 3102 373 3202 με’γα
390 3111 496 3182 τοῦτο
514 3105 572 3181 καὶ
590 3100 745 3203 ἄρρητον
762 3100 972 3204 μυστήριον.
1015 3107 1091 3184 Καὶ
1108 3102 1263 3201 nimo

128 3230 256 3332 φησὶν,
277 3227 410 3331 εἴρηκεν
434 3234 453 3309 ὁ
474 3223 614 3329 Σωτὴρ,
639 3239 666 3274 “
682 3229 741 3308 Ού
758 3234 829 3312 πῶς
847 3231 868 3306 ό
885 3226 1005 3328 λέγων
1021 3264 1086 3328 μοι
1106 3231 1224 3335 Κύριε,

130 3351 249 3456 Κύριε,
280 3355 518 3436 εἰσελεύσεται
550 3359 598 3438 εἰς
624 3350 691 3451 τὴν
722 3354 913 3444 βασιλείαν
945 3361 1019 3434 τῶν
1051 3360 1223 3460 οὐρανῶν,

125 3481 251 3560 ἀλλ’ἶι
277 3489 390 3561 ποιῶν
420 3480 462 3561 τὸ
490 3481 627 3579 θέλημα
655 3488 719 3559 τοῦ
746 3478 882 3582 πατρός
908 3515 979 3579 μου
1007 3491 1073 3562 τοῦ
1093 3488 1132 3564 ἐν
1156 3491 1225 3568 τοῖς

126 3608 320 3710 ούρανοῖς.”
356 3606 411 3687 Ὃ
431 3612 484 3684 δεῖ
497 3607 733 3707 ποιήσαντας,
755 3608 834 3710 οὐχὶ
857 3607 1085 3695 ἀκούσαντας
1102 3611 1222 3709 μόνον,

28 3766 48 3831 3
50 3766 70 3831 5
86 3770 114 3813 v.
124 3739 171 3818 εἰς
189 3731 254 3832 τὴν
276 3735 468 3826 βασιλεύειν
491 3739 663 3813 εἰσελθεῖν
685 3741 757 3813 τῶν
781 3737 951 3837 οὐρανῶν.
1004 3741 1077 3816 Καὶ
1104 3737 1261 3837 πάλινμ,

124 3864 249 3966 φησίν,
268 3860 401 3963 εἴρηκεν
425 3872 452 3907 “
465 3864 496 3938 οἰ
524 3866 674 3940 τελῶναι
703 3866 759 3939 καί
788 3867 824 3939 αἱ
848 3860 975 3964 πόρναι
1000 3863 1225 3966 προάγουσα

124 3990 214 4086 ὑμᾶς
235 3992 283 4070 εἰς
304 3985 370 4084 τὴν
393 3988 585 4080 βασιλείαν
608 3993 680 4066 τῶν
709 3988 902 4089 ούρανῶν.”
950 3996 1116 4070 Τελῶναι
1144 3993 1223 4098 γὰρ,

122 4117 248 4219 φησὶν,
266 4116 358 4192 εἰσὶν
383 4118 415 4191 οἰ
439 4112 484 4191 τὰ
513 4112 598 4211 τέλη
625 4119 697 4191 τῶν
724 4114 820 4192 ὅλων
847 4113 1109 4216 λαμθιίνοντες,
1130 4121 1224 4218 ἡμεῖς

162 4280 210 4341 95.
229 4265 290 4321 zad
302 4265 432 4321 Con'nth.
451 4281 496 4330 12,
510 4281 525 4320 2
537 4274 565 4321 et
576 4284 605 4336 4.
741 4284 783 4320 ιι.
800 4267 907 4322 Matth.
921 4283 946 4341 7,
958 4287 1007 4326 ιι.

166 4345 605 4419 1.1adCorinth.2,13et14.
737 4346 782 4400 16.
799 4347 905 4403 Matth.
925 4366 971 4416 21,
981 4366 997 4420 3
1010 4368 1030 4405 1.

165 4444 189 4501 7.
204 4428 307 4485 Joann.
317 4428 346 4491 6,
357 4445 404 4500 44.
