2782 4972
572 266 790 330 ORIGENIS

95 617 119 692 6
185 605 290 688 Ποῖνυ
326 605 454 707 νομίζω
486 608 737 705 πεπονημένως
765 608 811 688 τὰ
845 606 1004 712 δόξαντα
1037 615 1134 688 πᾶσι
1161 615 1230 691 τοῖς

129 735 205 814 καθ
219 731 410 832 Ἕλληνάς
433 766 471 812 τε
497 735 555 811 καὶ
577 731 787 837 βαρβάρους
804 736 888 838 περί
909 768 948 814 τε
971 742 1039 814 τοῦ
1064 735 1160 814 θείου
1178 740 1231 813 καὶ

128 864 192 958 τῆς
218 869 282 939 τοῦ
314 857 453 956 κόσμου
486 858 716 960 δημιουργίας
745 861 959 940 ε’κτεθεῖοθαι
991 862 1031 938 ἐν
1062 866 1137 945 τοῖς
1164 857 1268 963 πρόιο

129 985 260 1084 ταύτης
275 985 454 1087 τέσσαρσι
472 983 630 1080 βίβλοις,
651 980 702 1061 ὧν
728 985 808 1063 οὐδὲ
832 982 878 1062 τδι
902 985 1075 1087 περίεργα
1096 987 1229 1064 ἀποκο-

131 1109 256 1217 λιῖφας
275 1113 316 1189 οὐ
334 1107 396 1189 τόν
414 1106 568 1214 τυχόντα
586 1106 700 1188 πόνον
718 1109 949 1210 ἀναδίδεγμαι
968 1116 1046 1194 τοῖς
1058 1108 1229 1215 ε’ντυγχό·

132 1273 248 1333 νουσι,
276 1236 559 1339 προτρεπόμενος
591 1234 755 1321 πολλοὺς
784 1234 875 1338 πρός
903 1233 1146 1341 φιλομάθειαν
1177 1240 1232 1314 καὶ

131 1361 338 1470 ἀσφάλειαν
355 1366 419 1459 τῆς
442 1365 522 1463 περὶ
548 1358 614 1458 τὴν
639 1361 809 1460 ἀλήθειαν
827 1361 1008 1463 γνώσεως.
1067 1365 1228 1464 Περιλεί·

131 1523 234 1568 πεται
264 1489 383 1566 τοίνυν
417 1489 474 1566 ἐπὶ
506 1485 569 1567 τόν
601 1493 673 1565 τῶν
706 1487 877 1590 αἱρέσεων
912 1486 1067 1592 ἔλεγχον
1105 1492 1227 1595 ὁρμᾷν·
1240 1520 1267 1578 25

132 1612 260 1692 τούτου
277 1610 381 1716 χάριν
408 1612 529 1691 καὶτὰ
552 1613 784 1716 προειρημένα
808 1615 892 1712 ἡμῖν
919 1614 1150 1711 ἐκτεθείμεθα,
1170 1617 1228 1720 ἀφ’

134 1735 185 1816 ὧν
220 1735 285 1822 τὰς
319 1736 486 1842 ἀφορμὰς
522 1740 760 1843 μετασχόντες
796 1744 829 1818 οῖ
864 1737 1104 1843 αῖρεσαῖρχαι,
1136 1742 1231 1838 δίκην

133 1862 418 1970 παλαιορρόφων
454 1862 768 1964 σνγκαττόσαντες
799 1862 890 1967 πρός
921 1863 985 1945 τὸν
1023 1864 1116 1945 ’ίδιυν
1153 1875 1230 1945 νοῦν

133 1990 180 2070 τὰ
204 1999 276 2071 τῶν
299 1996 465 2071 παλαιῶν
490 1987 695 2096 σφάλματα
723 1993 771 2075 ὡς
798 1988 902 2069 καινὰ
927 1990 1136 2095 παρέθεσαν
1162 1999 1231 2076 τοῖς

43 2154 82 2223 27
93 2160 119 2202 r.
135 2123 345 2198 πλανᾶσθαι
373 2115 587 2214 δυναμένοις,
609 2118 657 2199 ὡς
678 2117 715 2193 ἐν
736 2121 811 2200 τοῖς
829 2113 1039 2201 ἀκολούθοις
1057 2115 1268 2222 δείξομεν]ο

136 2242 190 2324 Τὸ
204 2244 333 2322 λοιπὸν
349 2248 578 2344 προκαλεῖται
597 2242 689 2338 ἡμᾶς
708 2245 728 2320 ὁ
746 2242 874 2347 χρόνος
891 2244 948 2322 ἐπὶ
966 2240 1033 2341 τὴν
1050 2250 1126 2323 τῶν
1143 2280 1228 2349 προ-

135 2367 298 2466 κειμένων
330 2369 576 2469 πραγματείαν
608 2374 748 2471 χωρεῖν,
778 2365 961 2473 ἄρξασθαι
993 2368 1032 2449 δὲ
1061 2368 1137 2451 ἀπὸ
1163 2378 1230 2451 τῶν

132 2492 402 2591 τετολμηκότων
429 2491 492 2572 τὸν
523 2493 635 2573 αἴτιον
667 2499 730 2592 τῆς
757 2492 899 2593 πλάνης
926 2495 1119 2595 γενόμενον
1152 2497 1231 2604 ὅφιν

134 2622 253 2720 ὑμνεῖν
286 2617 343 2698 διαί
380 2654 485 2699 τινων
521 2621 774 2727 ἐφηυρημένων
811 2623 883 2701 κατ’
914 2625 1024 2700 αὐτοῦ
1060 2623 1230 2727 ἐνέργειαν

134 2746 267 2847 λόγων.
304 2751 352 2825 Οί
373 2747 435 2825 οὖν
454 2751 552 2848 ἱερεῖς
565 2749 623 2825 καὶ
641 2745 844 2850 προστοῖται
856 2756 920 2828 τοῦ
933 2747 1116 2847 δόγματος
1134 2747 1268 2851 rest-35

135 2909 256 2973 νηνται
270 2879 405 2976 πρῶτοι
420 2877 490 2976 [οῖ]
506 2873 751 2970 ἐπικληθέντες
766 2877 998 2973 Ναασσηνοὶ,
1010 2879 1057 2979 τῇ
1069 2874 1230 2979 Ἐβραΐδι

134 3003 238 3105 φωνῇ
267 3002 378 3083 οὕτως
406 2996 666 3096 ὠνομασμένοι·
708 2997 794 3084 νόας
824 2999 861 3078 δὲ
894 3002 914 3078 ὁ
948 2999 1031 3106 ὄφις
1061 3009 1228 3081 καλεῖται.

135 3123 242 3202 Μετὰ
271 3122 307 3201 δὲ
336 3131 449 3200 ταῦτα
477 3122 699 3203 ἐπεκάλεσαν
727 3122 870 3209 ἑαυτοὺς
895 3125 1140 3225 Γνωστικοῖις,
1162 3126 1229 3235 φό-

135 3279 282 3330 σκοντες
298 3244 401 3343 μόνοι
419 3245 464 3324 τὰ
482 3246 579 3346 βάθη
598 3248 800 3349 γινώσκειν,
815 3246 860 3352 ἐξ
876 3245 926 3328 ὧν
939 3252 1232 3353 ἀπομερισθένιει·

133 3375 269 3450 πολλοὶ
296 3376 503 3476 πολυσχιδῆ
530 3372 596 3471 τὴν
624 3374 760 3476 αἵρεσιν
787 3376 961 3472 ἐποίησαν
985 3377 1085 3473 μίαν,
1107 3378 1270 3484 διαφόιο

179 3607 223 3668 17.
246 3593 355 3651 Littera
375 3596 402 3648 Ιὲ
417 3594 519 3651 librum
534 3596 662 3668 quintum
747 3596 792 3652 28.
814 3597 847 3653 ln
867 3616 941 3655 nova
959 3597 1086 3655 editione
1098 3597 1230 3656 Thesauri

135 3674 249 3730 indicat.
277 3674 387 3732 Titulus
401 3675 558 3732 rubn'catus
573 3685 662 3732 Ναασ-
705 3680 900 3749 Παλοιορόφος,
915 3677 966 3734 sed
980 3676 1045 3776 sing
1055 3680 1195 3754 exemplo.

136 3755 218 3822 σηνοί.
746 3756 782 3812 ib.
798 3758 870 3814 cod.
885 3780 1147 3831 συγκαταττυσωτετ.

182 3851 226 3906 19.
242 3834 314 3890 Cod.
329 3835 382 3889 κατ’
392 3835 530 3904 Ἕλληνος.
748 3854 795 3911 29.
812 3837 884 3894 Cod.
900 3841 965 3894 md.

179 3939 226 3978 21.
252 3921 329 3977 Fort.
352 3923 386 3976 διν
406 3923 465 3977 οὐδὲ
489 3926 520 3978 τὸ
542 3925 664 3996 περίεργα
747 3916 793 3988 36.
810 3916 918 3974 Addidi
932 3921 965 3974 οί.

139 4000 304 4074 [παραλιπὼν
323 4002 367 4058 vel
388 4003 519 4076 παραβὰς]
535 4003 663 4060 ἀποκολῦ·
746 4013 794 4070 37·
813 4012 870 4079 υηη
893 4007 922 4056 et
941 3998 1007 4056 inde
1027 3999 1146 4056 verbum
1166 4016 1231 4073 της.

135 4084 225 4218 m
242 4161 337 4217 Prima
350 4181 450 4221 manus
462 4164 648 4235 ὀναδὲδειγμω.
707 4083 890 4239 Ρῖλῒό.ῖοῖδῖῖιῖ
903 4171 1086 4230 inserendum
1096 4181 1127 4230 et
1136 4173 1232 4248 legen·

178 4265 226 4322 27.
242 4249 297 4305 Pro
315 4254 487 4322 μετασχόντες
507 4250 604 4307 malim
617 4272 661 4319 με·
705 4249 791 4308 dum':
820 4253 866 4321 τὴν
886 4252 985 4324 αἳρεσιν
1008 4253 1133 4323 ε’ποίησυ
1154 4253 1235 4309 dur

136 4332 300 4395 τολοβδντετ.
704 4330 770 4397 μίαν.
