2782 4972
140 288 203 353 τοι
578 290 793 356 ORIGENIS
1232 282 1277 363 λι

137 450 320 531 τουτέστιν
347 449 419 531 ἀπὸ
447 460 510 531 τοῦ
537 454 712 554 μακαρίου
739 451 874 530 ἄνωθεν
900 448 1151 554 ἀνθρώπου,ἢ
1177 453 1234 551 ἀρ·

138 576 368 682 χανθριύπου,
385 574 407 674 ἢ
427 575 653 675 Ἀδάμαντος
672 580 721 661 ὡς
737 578 877 662 ἐκείνας
898 580 1004 674 δοκεῖ,
1025 582 1235 681 κατενεχθε-

139 709 217 782 σῶν
245 699 313 781 ὦδε
341 707 388 787 είς
406 701 566 802 πλάσμα
593 701 635 782 τὸ
662 702 830 803 τήλινον,
850 702 909 781 ’ίνα
937 701 1172 783 δουλεύσουσι
1192 704 1272 808 πρός

138 826 268 927 ταύτης
295 832 360 926 τῆς
384 829 531 914 κτίτεως
559 832 763 936 δημιουργῷ
790 830 983 936 ἠσολδοιῇι
1009 833 1083 936 θεῷ
1110 829 1240 934 πυρίνην

139 957 276 1060 ἀριθμῷ
294 953 461 1062 τετάρτῳ·
493 958 603 1039 οὕτως
621 953 694 1056 γὰρ
711 952 776 1033 τὸν
793 953 1011 1059 δημιουργὸν
1030 957 1094 1036 καὶ
1110 954 1241 1057 πατέρα

138 1088 202 1159 τοῦ
221 1083 332 1159 ἲδικοῦ
349 1079 489 1178 κόσμου
507 1088 696 1159 καλοῦσιν.

598 1218 680 1317 Ἔχε
698 1221 730 1294 δέ
745 1222 856 1318 ῥάβδον
871 1223 955 1316 μετᾶ
972 1221 1068 1320 χερσί

287 1337 390 1423 καλὴν,
408 1334 561 1433 χρυσείην,
578 1343 617 1436 τῇ
633 1335 660 1407 τ’
677 1335 782 1435 ύνδρῶν
799 1336 927 1431 ύμματα
943 1341 1048 1433 θέλγει
1246 1358 1274 1416 ίθ

287 1445 323 1521 ύν
340 1450 442 1536 ε’θέλει,
460 1449 529 1531 τούς
546 1449 570 1520 δ’
588 1447 661 1523 αθτε
678 1449 730 1523 καί
747 1450 911 1534 ὗτνύοντας
929 1451 1052 1550 ἐγείρει.

139 1581 270 1675 Οὗτος,
292 1583 420 1684 φησὶν,
439 1583 539 1659 ἐστὶν
558 1584 578 1660 5
595 1585 660 1679 τῆς
678 1580 768 1683 ζωῆς
786 1587 844 1663 καὶ
868 1591 934 1663 τοῦ
957 1582 1119 1665 θανάτου
1135 1583 1238 1684 μόνος

138 1705 229 1809 ἔχων
246 1701 427 1806 ἐξουσίαν.
475 1710 564 1809 Περὶ
581 1707 722 1804 τούτου,
743 1711 852 1813 φησὶ,
872 1707 1089 1811 γέγραπται,
1109 1723 1137 1759 “
1151 1717 1235 1791 Ποι-

138 1836 257 1929 μανεΐς
275 1827 403 1914 αύτούς
420 1832 457 1907 ε’ν
475 1828 599 1938 ῥάβδῳ
618 1833 786 1939 σιδηρᾷ.”
822 1834 872 1914 ‘O
890 1830 927 1910 δέ
942 1831 1113 1933 ποορ-ης,
1129 1839 1230 1942 φησὶ,

138 1961 324 2057 κοσμῆσαι
359 1955 580 2055 βουλόμενος
615 1958 657 2038 τὸ
698 1956 929 2062 ἀπερινύητον
962 1963 1029 2058 τῆς
1064 1962 1270 2065 μακαρίσειε

139 2085 283 2190 φύσεως
300 2093 364 2164 τοῦ
382 2081 509 2184 λόγου,
534 2087 575 2164 ού
600 2088 753 2188 σιδηρᾶν
779 2083 881 2163 ἀλλὰ
897 2089 1041 2188 χρυσῆν
1061 2087 1235 2191 περιέθηκε

138 2208 204 2308 τὴν
231 2208 367 2314 ῥάβδον
395 2212 503 2316 αὐτῷ.
562 2208 694 2310 Θέλγει
713 2208 813 2290 δὲτὰ
837 2210 982 2308 ὄμματα
1000 2218 1074 2290 τῶν
1093 2219 1234 2317 νεκρῶν,

140 2333 188 2419 ὥς
222 2342 330 2440 φησι,
360 2334 442 2420 τούς
475 2335 505 2413 δ
534 2337 617 2416 αὖτε
653 2341 711 2417 καὶ
745 2336 951 2422 ὑπνώοντας
985 2338 1124 2441 ε’γείρει,
1159 2338 1234 2423 τοὺς

139 2455 419 2559 ἐξυπνισμένονς
436 2464 495 2539 καὶ
513 2459 706 2562 γεγονότας
720 2466 941 2565 μνηστῆρας.
984 2464 1077 2566 Περὶ
1095 2463 1234 2560 τούτων,

139 2587 266 2688 φησὶν,
282 2584 304 2682 ἡ
323 2582 453 2691 Γραφὴ
472 2587 582 2686 λέγει,
601 2599 626 2635 “
639 2586 767 2690 έγειραι
785 2591 805 2667 5
823 2585 1003 2667 καθεύδων
1020 2594 1080 2668 καὶ
1099 2588 1272 2694 &yth-80

138 2717 230 2810 θητι,
257 2714 315 2790 καὶ
342 2711 531 2818 ἐπιφαύσει
554 2747 616 2791 σοι
643 2717 663 2793 5
691 2711 887 2816 Χριστός.”
946 2713 1067 2800 Οὗτός
1095 2718 1195 2797 ε’στιν
1218 2719 1236 2795 5

138 2839 301 2941 Χριστὸς
319 2842 339 2918 5
356 2841 393 2916 ε’ν
419 2844 526 2934 πᾶσι,
546 2840 654 2944 φησὶ,
674 2846 748 2923 τοῖς
766 2846 927 2939 γενητοῖς
950 2838 1025 2925 υίὸς
1049 2843 1237 2946 ἀνθρώπου

42 2996 79 3059 3¹
100 2997 128 3040 v.
137 2964 504 3068 κεχαρακπγρισμένος
542 2965 613 3043 ἀπὸ
650 2974 714 3045 τοῦ
759 2967 1073 3070 ἀχαρακτηρίστου
1111 2969 1231 3070 λόγος.

138 3094 269 3184 Τοῦτο,
290 3093 419 3194 φησὶν,
445 3091 522 3186 ἐστὶ
550 3087 592 3169 τὸ
619 3089 714 3190 μέγα
741 3094 799 3170 καὶ
826 3091 981 3196 ἄρρητον
1003 3093 1236 3175 Ἐλευσινίαν

137 3213 336 3317 μυστήριον
358 3217 406 3312 ὗε,
426 3212 501 3311 κύε,
521 3216 580 3293 καὶ
602 3213 670 3313 ὅτι,
691 3220 819 3321 φησὶν,
841 3220 938 3324 αύτῷ
964 3216 1086 3299 πάντα
1115 3218 1272 3317 ὑπαί-85

136 3376 276 3439 τακται,
306 3343 364 3420 καὶ
392 3341 485 3421 τοῦτ’
505 3343 584 3420 ἐστὶ
611 3341 653 3420 τὸ
682 3342 864 3445 εἰρημένον
890 3356 916 3392 “
933 3349 998 3429 Eis
1023 3353 1154 3428 πᾶσαν
1177 3344 1237 3444 την

136 3473 206 3568 γῆν
239 3468 391 3571 ἐξῆλθεν
421 3471 440 3546 5
473 3466 636 3573 φθόγγος
665 3470 817 3548 αύτῶν·”
853 3474 901 3554 ὡς
930 3470 972 3549 τὸ
1003 3468 1072 3570 τὴν
1103 3471 1237 3577 ῥάβδον

140 3605 166 3642 “
183 3592 332 3692 κινήσας
350 3597 370 3672 5
388 3595 536 3695 Ἑρμῆς,
557 3599 594 3671 αἱ
613 3592 663 3691 δέ,
684 3593 866 3697 τρίζουσαι
884 3596 1049 3675 έπονται”
1070 3602 1106 3676 αὶ
1125 3599 1236 3704 ψυχαὶ

139 3724 299 3821 συνεχῶς
319 3719 441 3812 οὕτως,
465 3720 512 3802 ὡς
531 3717 589 3798 διὰ
614 3723 678 3817 τῆς
700 3716 831 3804 εἰκόνος
850 3723 870 3800 5
887 3719 1037 3820 ποιητὴς
1055 3724 1235 3827 ἐπιδέδειχε

138 3843 270 3941 λέγων,
1241 3883 1272 3942 9⁰

180 4001 229 4057 66.
248 4001 326 4058 Fort.
342 4002 356 4071 η
371 4003 510 4079 mady?
530 4012 561 4061 ut
575 4005 604 4061 in
618 4030 666 4062 πυ-
752 4021 798 4081 73.
814 4007 986 4083 Apocalyps.
1004 4027 1031 4075 α,
1046 4021 1095 4085 27.

138 4083 199 4156 ρι’νῳ
213 4082 263 4157 θεῷ
277 4082 312 4138 de
327 4083 410 4139 astris
424 4084 575 4159 cogitetur.
752 4089 798 4162 78.
815 4088 974 4145 Delendum
992 4090 1036 4154 ὣς,
1051 4108 1088 4146 ex
1103 4096 1195 4163 νεκρῶν
1208 4096 1234 4144 ut

180 4162 230 4237 69.
243 4161 314 4218 Cod.
324 4163 387 4234 ἔχει,
406 4163 523 4221 Homer.
532 4165 589 4223 Od.
600 4174 630 4232 Ω,
639 4184 665 4224 ο.
709 4167 820 4225 videtur
834 4176 939 4225 ortum.

140 4248 169 4298 et
183 4250 211 4306 Ε,
222 4256 270 4316 47.
303 4242 400 4317 Ibique
416 4242 513 4302 Schol.
526 4247 571 4303 ed.
584 4246 665 4303 Butt-
751 4249 800 4305 80.
816 4246 846 4305 S.
857 4248 935 4306 Paul.
950 4247 1057 4322 Ephes.
1070 4262 1099 4326 5.
1111 4267 1156 4323 ¹4·

140 4340 235 4378 mann.
251 4342 278 4396 p.
292 4324 356 4395 178.
751 4326 798 4401 83.
813 4328 893 4386 Fort.
908 4332 996 4401 λόγον.

184 4417 230 4476 71.
247 4401 320 4459 cod.
337 4404 409 4460 male
423 4403 475 4462 οὕς.
751 4406 797 4464 86.
814 4406 842 4464 S.
853 4407 932 4465 Paul.
949 4408 1033 4465 Rom.
1050 4407 1156 4476 10,18.
