2782 4972
202 280 269 343 334
649 261 868 327 ORIGENIS
1294 262 1370 343 X.32

143 459 196 537 3²
264 427 357 514 Θεὸς
383 424 432 510 εἷς
460 428 480 503 ὁ
504 427 651 523 πρῶτος
677 423 735 498 καὶ
763 418 875 519 μόνος
898 423 961 498 καὶ
986 418 1176 499 ἁπάντων
1201 415 1372 516 ποαπῦςα

210 560 268 639 καὶ
296 553 427 656 κύριος,
458 547 669 653 σύγχρονον
695 545 802 650 ἔσχεν
829 545 946 642 οῦδὲν,
981 548 1029 625 οῦ
1056 543 1158 651 χάος
1186 547 1335 647 ἄπειρον,

212 685 280 787 οὐχ
299 683 393 781 ὕδωρ
411 674 611 776 ἀμέτρητον
628 669 652 770 ἢ
671 676 742 771 γῆν
760 669 933 773 στερρὰν,
955 673 1045 776 οῦχὶ
1070 673 1170 775 ἀέρα
1193 670 1334 767 πυκνόν,

214 810 257 889 οὐ
273 816 348 909 πῦρ
366 800 507 905 θερμόν,
522 800 565 877 οῦ
582 807 722 896 πνεῦμα
740 795 885 893 λεπτόν,
905 799 972 876 οῦκ
993 800 1162 900 οὐρανοῦ
1180 797 1335 899 μεγάλου

217 931 364 1015 κυανέαν
381 926 540 1033 ιωρφύν·
571 925 658 1003 ἀλλ’
679 921 723 1021 ἦν
749 921 796 1008 εἷς
821 920 931 1023 μόνος
952 924 1089 1030 ἑαυτῷ,
1113 924 1158 1009 ὃς
1181 923 1333 1023 θελήσας

217 1053 425 1157 ἐποίησετὰ
444 1053 532 1132 ὄντα
557 1052 622 1130 οῦκ
642 1050 731 1130 ὄντα
752 1046 939 1152 πρότερον,
958 1047 1069 1148 πλὴν
1092 1051 1158 1129 ὅτε
1182 1048 1363 1149 ἡθέλησεόςΙ

219 1189 330 1265 ποιεῖν
358 1184 407 1264 ὡς
433 1178 596 1279 ἔμπειρος
623 1174 775 1256 ἀντῶν
805 1174 1000 1272 ἐσομένων.
1067 1174 1242 1278 Πάρεστι
1267 1175 1329 1279 γὰρ

220 1312 317 1414 αὐτῷ
336 1308 393 1386 καὶ
410 1302 630 1407 πρόγνωσις,
651 1298 842 1408 διαφόρους
860 1333 898 1379 τε
915 1306 991 1383 τοῖς
1009 1301 1209 1399 ἐσομένας
1227 1302 1329 1407 ἀρχὰς

221 1434 395 1537 πρότερον
420 1428 652 1531 ἐδημιούργει,
672 1436 746 1530 πῦρ
773 1429 831 1505 καὶ
856 1434 1009 1524 πνεῦμα,
1033 1429 1136 1531 ὕδωρ
1165 1433 1227 1509 καὶ
1253 1433 1325 1529 γῆν,

221 1559 265 1663 ἐξ
286 1555 338 1638 ὧν
361 1555 544 1662 διαφόρων
566 1553 633 1653 τὴν
657 1556 782 1634 ἐαυτοῦ
807 1555 924 1633 κτίσιν
947 1557 1073 1651 ἐποίει,
1097 1560 1163 1634 καὶ
1189 1556 1237 1637 τὰ
1256 1557 1324 1656 μέυ,

222 1681 433 1784 μονοούσια,
457 1680 503 1761 τὰ
531 1678 579 1776 δέ,
608 1682 648 1758 ἐκ
676 1678 825 1776 δύο,τά
852 1679 900 1776 δέ,
919 1681 958 1758 ἐκ
985 1687 1112 1782 τριῶν,
1140 1680 1191 1761 τὰ
1220 1683 1269 1779 δὲ,
1295 1683 1361 1767 ἐκμ

223 1808 416 1912 τεσσάρων
443 1805 662 1905 συνεδέσμει.
724 1808 796 1884 Καὶ
824 1804 870 1884 τὰ
896 1803 959 1903 μὲν
983 1805 1028 1908 ἐξ
1055 1806 1151 1904 ἑνὸς,
1174 1806 1326 1887 ἀθάνατα

225 1934 283 2035 ἦν·
318 1934 426 2018 λύσις
447 1931 519 2035 γὰρ
545 1932 587 2010 οῦ
613 1937 886 2034 παρακολουθεῖ.
945 1928 1001 2010 Τὸ
1026 1931 1104 2034 γάρ
1128 1932 1171 2013 ἐν
1198 1938 1243 2015 οῦ
1265 1947 1324 2015 λυ·

224 2062 373 2162 θήσεται
399 2058 557 2155 πώποτε,
576 2056 623 2138 τά
650 2058 689 2136 δέ
714 2059 754 2135 ἐκ
777 2054 897 2154 δύο,ἢ
924 2055 1092 2159 τραῦν,ἢ
1121 2059 1325 2163 τεσσάρων,

227 2185 334 2283 λυτά,
355 2183 410 2265 διδ
435 2187 493 2264 καὶ
518 2182 631 2283 θνητὰ
653 2180 868 2282 ὀνομάζεται.
929 2181 1100 2269 Θάνατος
1125 2184 1203 2289 γὰρ
1227 2196 1327 2266 τοῦτο

227 2310 406 2406 κε’κληται,
426 2310 539 2406 ἡτῶν
558 2308 746 2405 δεδεμένων
764 2307 883 2392 λύσις.
930 2307 1072 2388 Ἱκανὸν
1091 2312 1158 2390 οὖν
1176 2322 1242 2392 νῦν
1258 2318 1362 2397 τοῖςῖό

226 2434 264 2512 εδ
293 2441 492 2537 φρονοῦσιν
519 2435 786 2536 ἀποκεκρίσθαι,
817 2432 851 2512 οἳ
877 2438 906 2511 εί
936 2436 1243 2539 φιλομαθήσουσι
1274 2440 1327 2516 καί

227 2557 291 2644 τὰς
315 2557 453 2639 τούτων
479 2561 604 2644 οὐσίας
627 2564 685 2639 καὶ
708 2559 773 2644 τάς
790 2561 901 2644 αἰτίας
918 2565 982 2658 τῆς
1004 2559 1098 2640 κατὰ
1120 2561 1243 2644 πάντα
1267 2568 1324 2661 δη·

227 2687 413 2791 μιουργίας
453 2685 742 2787 ἐπιζητήσουσιν,
786 2687 942 2767 εἴσονται
982 2686 1191 2792 ἐντυχόντες
1232 2692 1326 2789 ἡμῶν

227 2816 351 2920 βίβλῳ
377 2813 590 2918 περιεχούσῃ
612 2816 692 2916 περὶ
719 2818 782 2911 τῆς
806 2821 870 2893 τοῦ
892 2810 1027 2896 παντὸς
1051 2815 1194 2901 οῦσίας·
1226 2814 1268 2895 τὸ
1292 2815 1325 2894 δέ

229 2950 294 3019 νῦν
312 2939 433 3020 ίκανδν
450 2937 536 3019 εἶναι
553 2940 717 3019 ἐκθέσθαι
734 2938 798 3023 τὰς
812 2941 936 3035 αἰτίας,
952 2936 994 3023 ἃς
1010 2941 1053 3018 ού
1070 2939 1220 3039 γνόντες
1232 2941 1362 3022 ‘'EA-3⁰

229 3076 335 3164 ληνες
355 3071 490 3172 κομψῲ
507 3072 558 3170 τῷ
581 3065 680 3171 λόγῳ
703 3064 750 3143 τά
772 3067 863 3168 με’ρη
886 3070 950 3164 τῆς
973 3067 1124 3152 κτίσεως
1148 3067 1326 3172 ἐδόξασαν

228 3188 292 3269 τὸν
323 3194 497 3272 κτίσαντα
530 3190 785 3291 ἀγνοήσαντες·
826 3189 877 3271 ὧν
912 3191 1080 3299 ἀφορμὰς
1109 3195 1263 3299 σχόντες
1294 3199 1323 3273 οἱ

228 3316 451 3422 αίρεσιαίρχαι
479 3320 611 3415 ὁμοίοις
635 3316 758 3418 λόγοις
781 3316 827 3397 τά
855 3318 913 3397 ὑπ’
932 3320 1070 3398 ἐκείνων
1094 3320 1324 3423 προειρημεῦα

226 3446 617 3548 μετασχηματίσαντες,
647 3444 799 3547 αίρέσεις
826 3442 1120 3544 καταγελάστους
1146 3445 1321 3543 συνεστό-

227 3601 354 3647 σαντο.
1331 3575 1363 3649 ⁸5

165 3719 217 3794 33
284 3694 403 3778 Οῦτος
423 3695 486 3772 οὖν
502 3695 611 3793 μόνος
628 3698 687 3776 καὶ
705 3694 797 3776 κατὰ
812 3695 958 3776 πάντων
972 3696 1077 3793 θεὸς,
1091 3696 1209 3799 λόγον
1226 3704 1322 3801 πριῦ·

227 3855 291 3899 τον
327 3822 500 3917 ἐννοηθεὶς
536 3822 717 3926 ἀπογεννᾷ
752 3824 794 3899 οῦ
831 3820 945 3922 λόγον
982 3826 1030 3908 ὡς
1066 3822 1208 3930 φωνὴν,
1241 3823 1322 3903 ἀλλ’

226 3943 424 4024 ἐνδιάθετον
441 3953 505 4023 τοῦ
522 3943 657 4030 παντὸς
675 3945 869 4046 λογισμόν.
918 3955 1058 4028 Τοῦτον
1076 3948 1188 4049 μόνον
1206 3950 1252 4053 ἐξ
1266 3951 1322 4030 όν·

267 4207 315 4261 όο.
337 4207 447 4265 Titulus
472 4210 629 4266 rubricatus
653 4210 682 4266 in
707 4229 755 4266 co·
840 4213 888 4268 80.
904 4211 976 4268 cod.
991 4218 1109 4285 γοῶντες.

225 4280 304 4340 dice:
320 4288 451 4360 Ὠριγένης
464 4293 505 4345 καὶ
517 4290 662 4363 Ὠριγένους
676 4292 747 4360 δόξα.
840 4292 888 4364 83.
904 4292 976 4348 Cod.
990 4295 1022 4347 τὰ
1036 4292 1162 4349 ῦπίκεινα.

268 4376 314 4432 72.
331 4366 402 4422 cod.
419 4369 521 4443 ubique
535 4374 619 4426 λῦσις.
