<?xml version="1.0" encoding="UTF-8"?>
<!DOCTYPE html PUBLIC "-//W3C//DTD XHTML 1.0 Transitional//EN"
    "http://www.w3.org/TR/xhtml1/DTD/xhtml1-transitional.dtd">
<html xmlns="http://www.w3.org/1999/xhtml" xml:lang="en" lang="en">
 <head>
  <title>
</title>
<meta http-equiv="Content-Type" content="text/html;charset=utf-8" />
  <meta name='ocr-system' content='tesseract 3.04.00' />
  <meta name='ocr-capabilities' content='ocr_page ocr_carea ocr_par ocr_line ocrx_word'/>
</head>
<body>
  <div class='ocr_page' id='page_1' title='image "./origenisphiloso00origgoog_0105.png"; bbox 0 0 2782 4972; ppageno 0'>
   <div class='ocr_carea' id='block_1_1' title="bbox 62 289 1289 4159">
    <p class='ocr_par' dir='ltr' id='par_1_1' title="bbox 62 289 1289 4159">
     <span class='ocr_line' id='line_1_1' title="bbox 158 289 1289 377; baseline 0.007 -25"><span class='ocrx_word' id='word_1_1' title='bbox 158 289 201 352; x_wconf 81' lang='lat'>86</span> <span class='ocrx_word' id='word_1_2' title='bbox 597 292 815 358; x_wconf 76' lang='lat' dir='ltr'><strong>ORIGENIS</strong></span> <span class='ocrx_word' id='word_1_3' title='bbox 1190 295 1289 377; x_wconf 62' lang='lat' dir='ltr'>lm</span> 
     </span>
     <span class='ocr_line' id='line_1_2' title="bbox 159 451 1250 559; baseline 0.005 -30"><span class='ocrx_word' id='word_1_4' title='bbox 159 454 276 537; x_wconf 86' lang='grc' dir='ltr'>Κυνὸς</span> <span class='ocrx_word' id='word_1_5' title='bbox 314 451 350 530; x_wconf 75' lang='grc' dir='ltr'>δέ</span> <span class='ocrx_word' id='word_1_6' title='bbox 386 453 650 548; x_wconf 79' lang='grc' dir='ltr'>ἀνατείλαντος,</span> <span class='ocrx_word' id='word_1_7' title='bbox 683 452 799 532; x_wconf 79' lang='grc' dir='ltr'>οὐκέτι</span> <span class='ocrx_word' id='word_1_8' title='bbox 828 455 1003 557; x_wconf 76' lang='grc' dir='ltr'>φυταλιοὶ</span> <span class='ocrx_word' id='word_1_9' title='bbox 1034 452 1250 559; x_wconf 71' lang='grc' dir='ltr'>ἐψεύσαντο</span> 
     </span>
     <span class='ocr_line' id='line_1_3' title="bbox 154 575 1286 684; baseline -0.004 -27"><span class='ocrx_word' id='word_1_10' title='bbox 154 587 261 658; x_wconf 83' lang='grc' dir='ltr'>τοῦτο</span> <span class='ocrx_word' id='word_1_11' title='bbox 284 579 384 657; x_wconf 81' lang='grc' dir='ltr'>ἐστὶν</span> <span class='ocrx_word' id='word_1_12' title='bbox 411 576 431 656; x_wconf 86' lang='grc' dir='ltr'>δ</span> <span class='ocrx_word' id='word_1_13' title='bbox 459 576 555 677; x_wconf 84' lang='grc' dir='ltr'>λε’γει</span> <span class='ocrx_word' id='word_1_14' title='bbox 579 576 625 656; x_wconf 78' lang='grc' dir='ltr'>τὰ</span> <span class='ocrx_word' id='word_1_15' title='bbox 651 575 871 684; x_wconf 80' lang='grc' dir='ltr'>φυτευόμενα</span> <span class='ocrx_word' id='word_1_16' title='bbox 895 575 995 683; x_wconf 85' lang='grc' dir='ltr'>φυτά</span> <span class='ocrx_word' id='word_1_17' title='bbox 1022 582 1074 663; x_wconf 81' lang='grc' dir='ltr'>είς</span> <span class='ocrx_word' id='word_1_18' title='bbox 1097 576 1168 679; x_wconf 77' lang='grc' dir='ltr'>τὴν</span> <span class='ocrx_word' id='word_1_19' title='bbox 1190 583 1286 681; x_wconf 71' lang='grc' dir='ltr'>γῆνις</span> 
     </span>
     <span class='ocr_line' id='line_1_4' title="bbox 153 700 1251 810; baseline 0.003 -24"><span class='ocrx_word' id='word_1_20' title='bbox 153 703 256 810; x_wconf 81' lang='grc' dir='ltr'>με’χρι</span> <span class='ocrx_word' id='word_1_21' title='bbox 274 709 338 803; x_wconf 80' lang='grc' dir='ltr'>τῆς</span> <span class='ocrx_word' id='word_1_22' title='bbox 354 711 419 782; x_wconf 87' lang='grc' dir='ltr'>τοῦ</span> <span class='ocrx_word' id='word_1_23' title='bbox 440 700 558 788; x_wconf 79' lang='grc' dir='ltr'>Κυνός</span> <span class='ocrx_word' id='word_1_24' title='bbox 582 706 762 800; x_wconf 74' lang='grc' dir='ltr'>ἀνατολῆς</span> <span class='ocrx_word' id='word_1_25' title='bbox 784 700 964 788; x_wconf 72' lang='grc' dir='ltr'>πολλάκις</span> <span class='ocrx_word' id='word_1_26' title='bbox 987 702 1040 801; x_wconf 80' lang='grc' dir='ltr'>μὴ</span> <span class='ocrx_word' id='word_1_27' title='bbox 1062 703 1251 808; x_wconf 77' lang='grc' dir='ltr'>ῥιζοβολῆ·</span> 
     </span>
     <span class='ocr_line' id='line_1_5' title="bbox 154 827 1251 935; baseline 0.004 -28"><span class='ocrx_word' id='word_1_28' title='bbox 154 865 286 928; x_wconf 86' lang='grc' dir='ltr'>σαντα,</span> <span class='ocrx_word' id='word_1_29' title='bbox 308 829 404 928; x_wconf 82' lang='grc' dir='ltr'>ὅμως</span> <span class='ocrx_word' id='word_1_30' title='bbox 420 828 545 928; x_wconf 71' lang='grc' dir='ltr'>τέθηλε</span> <span class='ocrx_word' id='word_1_31' title='bbox 564 827 735 935; x_wconf 77' lang='grc' dir='ltr'>φύλλοις,</span> <span class='ocrx_word' id='word_1_32' title='bbox 756 831 814 908; x_wconf 82' lang='grc' dir='ltr'>καὶ</span> <span class='ocrx_word' id='word_1_33' title='bbox 837 831 1049 909; x_wconf 71' lang='grc' dir='ltr'>ἐνδείκνυται</span> <span class='ocrx_word' id='word_1_34' title='bbox 1073 838 1153 917; x_wconf 85' lang='grc' dir='ltr'>τοῖς</span> <span class='ocrx_word' id='word_1_35' title='bbox 1168 832 1251 927; x_wconf 78' lang='grc' dir='ltr'>βλί·</span> 
     </span>
     <span class='ocr_line' id='line_1_6' title="bbox 153 953 1252 1062; baseline 0.004 -27"><span class='ocrx_word' id='word_1_36' title='bbox 153 990 286 1036; x_wconf 91' lang='grc' dir='ltr'>πουσιν</span> <span class='ocrx_word' id='word_1_37' title='bbox 312 955 366 1035; x_wconf 80' lang='grc' dir='ltr'>ὅτι</span> <span class='ocrx_word' id='word_1_38' title='bbox 392 956 495 1034; x_wconf 77' lang='grc' dir='ltr'>ἔσται</span> <span class='ocrx_word' id='word_1_39' title='bbox 522 955 729 1061; x_wconf 78' lang='grc' dir='ltr'>τελεσφόρα</span> <span class='ocrx_word' id='word_1_40' title='bbox 756 958 815 1034; x_wconf 85' lang='grc' dir='ltr'>καὶ</span> <span class='ocrx_word' id='word_1_41' title='bbox 842 956 1005 1062; x_wconf 77' lang='grc' dir='ltr'>φαίνεται</span> <span class='ocrx_word' id='word_1_42' title='bbox 1032 953 1168 1057; x_wconf 68' lang='grc' dir='ltr'>ζῶντα,</span> <span class='ocrx_word' id='word_1_43' title='bbox 1195 960 1252 1039; x_wconf 83' lang='grc' dir='ltr'>ούκ</span> 
     </span>
     <span class='ocr_line' id='line_1_7' title="bbox 153 1077 1252 1187; baseline 0.003 -25"><span class='ocrx_word' id='word_1_44' title='bbox 153 1083 281 1187; x_wconf 49' lang='lat' dir='ltr'>&amp;om</span> <span class='ocrx_word' id='word_1_45' title='bbox 300 1079 391 1183; x_wconf 80' lang='grc' dir='ltr'>ζωὴν</span> <span class='ocrx_word' id='word_1_46' title='bbox 414 1079 486 1161; x_wconf 78' lang='grc' dir='ltr'>ἀπὸ</span> <span class='ocrx_word' id='word_1_47' title='bbox 511 1085 576 1178; x_wconf 74' lang='grc' dir='ltr'>τῆς</span> <span class='ocrx_word' id='word_1_48' title='bbox 596 1077 693 1184; x_wconf 78' lang='grc' dir='ltr'>ῥίζης</span> <span class='ocrx_word' id='word_1_49' title='bbox 710 1083 747 1159; x_wconf 81' lang='grc' dir='ltr'>ἐν</span> <span class='ocrx_word' id='word_1_50' title='bbox 765 1084 896 1166; x_wconf 84' lang='grc' dir='ltr'>αύτοῖς.</span> <span class='ocrx_word' id='word_1_51' title='bbox 936 1079 1113 1163; x_wconf 75' lang='grc' dir='ltr'>Ἐπειδάν</span> <span class='ocrx_word' id='word_1_52' title='bbox 1134 1082 1175 1163; x_wconf 70' lang='grc' dir='ltr'>δὲ</span> <span class='ocrx_word' id='word_1_53' title='bbox 1194 1092 1252 1165; x_wconf 81' lang='grc' dir='ltr'>τοῦ</span> 
     </span>
     <span class='ocr_line' id='line_1_8' title="bbox 156 1204 1285 1308; baseline 0.002 -21"><span class='ocrx_word' id='word_1_54' title='bbox 156 1208 274 1292; x_wconf 85' lang='grc' dir='ltr'>Κυνὸς</span> <span class='ocrx_word' id='word_1_55' title='bbox 292 1206 451 1304; x_wconf 80' lang='grc' dir='ltr'>ἀνατολὴ</span> <span class='ocrx_word' id='word_1_56' title='bbox 469 1206 627 1308; x_wconf 78' lang='grc' dir='ltr'>γίνηται,</span> <span class='ocrx_word' id='word_1_57' title='bbox 649 1204 718 1286; x_wconf 77' lang='grc' dir='ltr'>ὑπὸ</span> <span class='ocrx_word' id='word_1_58' title='bbox 742 1215 807 1287; x_wconf 84' lang='grc' dir='ltr'>τοῦ</span> <span class='ocrx_word' id='word_1_59' title='bbox 827 1204 946 1291; x_wconf 78' lang='grc' dir='ltr'>Κυνός</span> <span class='ocrx_word' id='word_1_60' title='bbox 971 1205 1020 1287; x_wconf 76' lang='grc' dir='ltr'>τὰ</span> <span class='ocrx_word' id='word_1_61' title='bbox 1044 1206 1167 1308; x_wconf 75' lang='grc' dir='ltr'>ζῶντα</span> <span class='ocrx_word' id='word_1_62' title='bbox 1186 1207 1285 1297; x_wconf 71' lang='grc' dir='ltr'>ὀπόν</span> 
     </span>
     <span class='ocr_line' id='line_1_9' title="bbox 153 1330 1250 1438; baseline 0.002 -25"><span class='ocrx_word' id='word_1_63' title='bbox 153 1341 226 1413; x_wconf 81' lang='grc' dir='ltr'>τῶν</span> <span class='ocrx_word' id='word_1_64' title='bbox 244 1340 376 1438; x_wconf 79' lang='grc' dir='ltr'>νεκρῶν</span> <span class='ocrx_word' id='word_1_65' title='bbox 398 1335 619 1436; x_wconf 83' lang='grc' dir='ltr'>διακρίνεται·</span> <span class='ocrx_word' id='word_1_66' title='bbox 649 1334 853 1435; x_wconf 83' lang='grc' dir='ltr'>μαραίνεται</span> <span class='ocrx_word' id='word_1_67' title='bbox 870 1330 944 1435; x_wconf 78' lang='grc' dir='ltr'>γὰρ</span> <span class='ocrx_word' id='word_1_68' title='bbox 961 1332 1077 1418; x_wconf 82' lang='grc' dir='ltr'>ὅντως</span> <span class='ocrx_word' id='word_1_69' title='bbox 1096 1334 1174 1416; x_wconf 77' lang='grc' dir='ltr'>ὅσα</span> <span class='ocrx_word' id='word_1_70' title='bbox 1194 1338 1250 1416; x_wconf 78' lang='grc' dir='ltr'>ούκ</span> 
     </span>
     <span class='ocr_line' id='line_1_10' title="bbox 152 1458 1250 1565; baseline 0.005 -28"><span class='ocrx_word' id='word_1_71' title='bbox 152 1458 439 1564; x_wconf 80' lang='grc' dir='ltr'>ε’ρριζοβόλησεν.</span> <span class='ocrx_word' id='word_1_72' title='bbox 483 1460 603 1544; x_wconf 81' lang='grc' dir='ltr'>Οδτος</span> <span class='ocrx_word' id='word_1_73' title='bbox 621 1459 696 1553; x_wconf 84' lang='grc' dir='ltr'>οὖν,</span> <span class='ocrx_word' id='word_1_74' title='bbox 710 1461 873 1565; x_wconf 82' lang='grc' dir='ltr'>φησὶν,ό</span> <span class='ocrx_word' id='word_1_75' title='bbox 889 1458 998 1539; x_wconf 84' lang='grc' dir='ltr'>Κύων</span> <span class='ocrx_word' id='word_1_76' title='bbox 1011 1458 1132 1560; x_wconf 81' lang='grc' dir='ltr'>λόγος</span> <span class='ocrx_word' id='word_1_77' title='bbox 1142 1461 1250 1548; x_wconf 77' lang='grc' dir='ltr'>τιςάν</span> 
     </span>
     <span class='ocr_line' id='line_1_11' title="bbox 153 1583 1249 1691; baseline 0.001 -26"><span class='ocrx_word' id='word_1_78' title='bbox 153 1593 244 1671; x_wconf 84' lang='grc' dir='ltr'>θεῖος</span> <span class='ocrx_word' id='word_1_79' title='bbox 258 1584 398 1687; x_wconf 79' lang='grc' dir='ltr'>ζώντων</span> <span class='ocrx_word' id='word_1_80' title='bbox 417 1589 475 1665; x_wconf 83' lang='grc' dir='ltr'>καὶ</span> <span class='ocrx_word' id='word_1_81' title='bbox 494 1591 626 1688; x_wconf 85' lang='grc' dir='ltr'>νεκρῶν</span> <span class='ocrx_word' id='word_1_82' title='bbox 642 1583 762 1688; x_wconf 80' lang='grc' dir='ltr'>κριτὴς</span> <span class='ocrx_word' id='word_1_83' title='bbox 776 1586 973 1684; x_wconf 74' lang='grc' dir='ltr'>καθέστηκε</span> <span class='ocrx_word' id='word_1_84' title='bbox 984 1588 1085 1688; x_wconf 80' lang='grc' dir='ltr'>[καὶ]</span> <span class='ocrx_word' id='word_1_85' title='bbox 1098 1586 1249 1691; x_wconf 75' lang='grc' dir='ltr'>καθάπερ</span> 
     </span>
     <span class='ocr_line' id='line_1_12' title="bbox 152 1709 1248 1818; baseline 0.002 -27"><span class='ocrx_word' id='word_1_86' title='bbox 152 1710 195 1792; x_wconf 81' lang='grc' dir='ltr'>τὸ</span> <span class='ocrx_word' id='word_1_87' title='bbox 214 1711 330 1818; x_wconf 82' lang='grc' dir='ltr'>φυτὸν</span> <span class='ocrx_word' id='word_1_88' title='bbox 348 1715 368 1791; x_wconf 91' lang='grc' dir='ltr'><strong>ὁ</strong></span> <span class='ocrx_word' id='word_1_89' title='bbox 389 1710 497 1791; x_wconf 89' lang='grc' dir='ltr'>Κύων</span> <span class='ocrx_word' id='word_1_90' title='bbox 514 1709 557 1791; x_wconf 81' lang='grc' dir='ltr'>τὸ</span> <span class='ocrx_word' id='word_1_91' title='bbox 579 1711 719 1813; x_wconf 89' lang='grc' dir='ltr'>ἀστρον</span> <span class='ocrx_word' id='word_1_92' title='bbox 736 1713 794 1791; x_wconf 78' lang='grc' dir='ltr'>ἐπὶ</span> <span class='ocrx_word' id='word_1_93' title='bbox 812 1715 876 1811; x_wconf 78' lang='grc' dir='ltr'>τῆς</span> <span class='ocrx_word' id='word_1_94' title='bbox 894 1714 1045 1798; x_wconf 85' lang='grc' dir='ltr'>κτίσεως</span> <span class='ocrx_word' id='word_1_95' title='bbox 1061 1719 1248 1818; x_wconf 81' lang='grc' dir='ltr'>θεωρεῖται,</span> 
     </span>
     <span class='ocr_line' id='line_1_13' title="bbox 153 1839 1281 1945; baseline 0.005 -29"><span class='ocrx_word' id='word_1_96' title='bbox 153 1840 264 1924; x_wconf 72' lang='grc' dir='ltr'>οὕτως</span> <span class='ocrx_word' id='word_1_97' title='bbox 290 1840 347 1919; x_wconf 78' lang='grc' dir='ltr'>ἐπὶ</span> <span class='ocrx_word' id='word_1_98' title='bbox 373 1845 446 1917; x_wconf 84' lang='grc' dir='ltr'>τῶν</span> <span class='ocrx_word' id='word_1_99' title='bbox 474 1839 646 1939; x_wconf 82' lang='grc' dir='ltr'>οὐρανίων</span> <span class='ocrx_word' id='word_1_100' title='bbox 668 1842 805 1943; x_wconf 82' lang='grc' dir='ltr'>φυτῶν,</span> <span class='ocrx_word' id='word_1_101' title='bbox 826 1840 937 1944; x_wconf 85' lang='grc' dir='ltr'>φησὶ,</span> <span class='ocrx_word' id='word_1_102' title='bbox 955 1844 1031 1919; x_wconf 82' lang='grc' dir='ltr'>τῶν</span> <span class='ocrx_word' id='word_1_103' title='bbox 1056 1841 1281 1945; x_wconf 60' lang='grc' dir='ltr'>ἀνθρώπους</span> 
     </span>
     <span class='ocr_line' id='line_1_14' title="bbox 154 1962 1249 2069; baseline 0.002 -23"><span class='ocrx_word' id='word_1_104' title='bbox 154 1970 173 2046; x_wconf 91' lang='grc' dir='ltr'>ό</span> <span class='ocrx_word' id='word_1_105' title='bbox 191 1967 313 2068; x_wconf 85' lang='grc' dir='ltr'>λόγος.</span> <span class='ocrx_word' id='word_1_106' title='bbox 365 1965 438 2045; x_wconf 84' lang='grc' dir='ltr'>Διά</span> <span class='ocrx_word' id='word_1_107' title='bbox 455 1962 521 2061; x_wconf 77' lang='grc' dir='ltr'>τὴν</span> <span class='ocrx_word' id='word_1_108' title='bbox 539 1962 705 2062; x_wconf 76' lang='grc' dir='ltr'>τοιαύτην</span> <span class='ocrx_word' id='word_1_109' title='bbox 723 1964 786 2043; x_wconf 84' lang='grc' dir='ltr'>οὖν</span> <span class='ocrx_word' id='word_1_110' title='bbox 804 1965 920 2043; x_wconf 77' lang='grc' dir='ltr'>αἰτίαν</span> <span class='ocrx_word' id='word_1_111' title='bbox 936 1965 960 2063; x_wconf 86' lang='grc' dir='ltr'><strong><em>ἡ</em></strong></span> <span class='ocrx_word' id='word_1_112' title='bbox 977 1964 1127 2069; x_wconf 66' lang='grc' dir='ltr'>δευτκρα</span> <span class='ocrx_word' id='word_1_113' title='bbox 1143 1971 1249 2052; x_wconf 79' lang='grc' dir='ltr'>κτίσις</span> 
     </span>
     <span class='ocr_line' id='line_1_15' title="bbox 156 2089 1244 2201; baseline 0.003 -29"><span class='ocrx_word' id='word_1_114' title='bbox 156 2092 371 2196; x_wconf 88' lang='grc' dir='ltr'>Κυνόσουρα</span> <span class='ocrx_word' id='word_1_115' title='bbox 396 2094 545 2192; x_wconf 80' lang='grc' dir='ltr'>λογικῆς</span> <span class='ocrx_word' id='word_1_116' title='bbox 568 2092 718 2176; x_wconf 89' lang='grc' dir='ltr'>κτίσεως</span> <span class='ocrx_word' id='word_1_117' title='bbox 741 2089 844 2170; x_wconf 77' lang='grc' dir='ltr'>εἰκὼν</span> <span class='ocrx_word' id='word_1_118' title='bbox 868 2091 1018 2190; x_wconf 80' lang='grc' dir='ltr'>ἕστηκεν</span> <span class='ocrx_word' id='word_1_119' title='bbox 1040 2094 1080 2171; x_wconf 89' lang='grc' dir='ltr'>ε’ν</span> <span class='ocrx_word' id='word_1_120' title='bbox 1099 2097 1244 2201; x_wconf 74' lang='grc' dir='ltr'>ούρωηῖ·</span> 
     </span>
     <span class='ocr_line' id='line_1_16' title="bbox 62 2214 1246 2320; baseline 0 -21"><span class='ocrx_word' id='word_1_121' title='bbox 62 2254 99 2317; x_wconf 85' lang='lat'>23</span> <span class='ocrx_word' id='word_1_122' title='bbox 114 2220 262 2316; x_wconf 64' lang='grc' dir='ltr'>ἀρέσας</span> <span class='ocrx_word' id='word_1_123' title='bbox 290 2217 326 2296; x_wconf 77' lang='grc' dir='ltr'>δὲ</span> <span class='ocrx_word' id='word_1_124' title='bbox 354 2223 373 2298; x_wconf 89' lang='grc' dir='ltr'><strong>ὁ</strong></span> <span class='ocrx_word' id='word_1_125' title='bbox 402 2214 557 2320; x_wconf 78' lang='grc' dir='ltr'>Δράκων</span> <span class='ocrx_word' id='word_1_126' title='bbox 580 2223 653 2295; x_wconf 82' lang='grc' dir='ltr'>τῶν</span> <span class='ocrx_word' id='word_1_127' title='bbox 681 2214 745 2295; x_wconf 92' lang='grc' dir='ltr'>δύο</span> <span class='ocrx_word' id='word_1_128' title='bbox 772 2217 923 2297; x_wconf 90' lang='grc' dir='ltr'>κτίσεων</span> <span class='ocrx_word' id='word_1_129' title='bbox 949 2219 1182 2318; x_wconf 78' lang='grc' dir='ltr'>ἀποτείνεται,</span> <span class='ocrx_word' id='word_1_130' title='bbox 1206 2217 1246 2299; x_wconf 75' lang='grc' dir='ltr'>τό</span> 
     </span>
     <span class='ocr_line' id='line_1_17' title="bbox 153 2343 1247 2450; baseline 0.008 -29"><span class='ocrx_word' id='word_1_131' title='bbox 153 2344 224 2425; x_wconf 84' lang='grc' dir='ltr'>ἀπὸ</span> <span class='ocrx_word' id='word_1_132' title='bbox 242 2350 306 2442; x_wconf 82' lang='grc' dir='ltr'>τῆς</span> <span class='ocrx_word' id='word_1_133' title='bbox 318 2343 480 2445; x_wconf 81' lang='grc' dir='ltr'>μεγάλης</span> <span class='ocrx_word' id='word_1_134' title='bbox 494 2346 641 2428; x_wconf 92' lang='grc' dir='ltr'>κτίσεως</span> <span class='ocrx_word' id='word_1_135' title='bbox 658 2346 808 2425; x_wconf 81' lang='grc' dir='ltr'>κωλύων</span> <span class='ocrx_word' id='word_1_136' title='bbox 825 2349 884 2425; x_wconf 80' lang='grc' dir='ltr'>ἐπὶ</span> <span class='ocrx_word' id='word_1_137' title='bbox 901 2343 968 2445; x_wconf 75' lang='grc' dir='ltr'>τὴν</span> <span class='ocrx_word' id='word_1_138' title='bbox 985 2345 1121 2450; x_wconf 76' lang='grc' dir='ltr'>μικρόν</span> <span class='ocrx_word' id='word_1_139' title='bbox 1138 2351 1247 2430; x_wconf 78' lang='grc' dir='ltr'>κτάπν</span> 
     </span>
     <span class='ocr_line' id='line_1_18' title="bbox 152 2469 1279 2579; baseline 0.012 -33"><span class='ocrx_word' id='word_1_140' title='bbox 152 2476 345 2570; x_wconf 79' lang='grc' dir='ltr'>μετελθεῖν,</span> <span class='ocrx_word' id='word_1_141' title='bbox 366 2469 465 2549; x_wconf 81' lang='grc' dir='ltr'>τότε</span> <span class='ocrx_word' id='word_1_142' title='bbox 490 2474 527 2550; x_wconf 84' lang='grc' dir='ltr'>ἐν</span> <span class='ocrx_word' id='word_1_143' title='bbox 549 2478 594 2576; x_wconf 76' lang='grc' dir='ltr'>τῇ</span> <span class='ocrx_word' id='word_1_144' title='bbox 613 2474 725 2551; x_wconf 92' lang='grc' dir='ltr'>κτίσει</span> <span class='ocrx_word' id='word_1_145' title='bbox 743 2470 988 2573; x_wconf 66' lang='grc' dir='ltr'>καθεστηκότα</span> <span class='ocrx_word' id='word_1_146' title='bbox 1009 2473 1175 2579; x_wconf 70' lang='grc' dir='ltr'>καθάπερ</span> <span class='ocrx_word' id='word_1_147' title='bbox 1190 2474 1279 2560; x_wconf 63' lang='grc' dir='ltr'>τόνν</span> 
     </span>
     <span class='ocr_line' id='line_1_19' title="bbox 152 2598 1245 2708; baseline 0.005 -29"><span class='ocrx_word' id='word_1_148' title='bbox 152 2599 218 2679; x_wconf 86' lang='grc' dir='ltr'>Ἐν</span> <span class='ocrx_word' id='word_1_149' title='bbox 232 2598 363 2701; x_wconf 87' lang='grc' dir='ltr'>γόνασι</span> <span class='ocrx_word' id='word_1_150' title='bbox 381 2598 700 2706; x_wconf 75' lang='grc' dir='ltr'>παραφυλάσσειν,</span> <span class='ocrx_word' id='word_1_151' title='bbox 713 2608 833 2704; x_wconf 82' lang='grc' dir='ltr'>τηρῶν</span> <span class='ocrx_word' id='word_1_152' title='bbox 850 2608 927 2686; x_wconf 82' lang='grc' dir='ltr'>πῶς</span> <span class='ocrx_word' id='word_1_153' title='bbox 945 2607 1003 2683; x_wconf 82' lang='grc' dir='ltr'>καὶ</span> <span class='ocrx_word' id='word_1_154' title='bbox 1019 2605 1102 2683; x_wconf 93' lang='grc' dir='ltr'>τίνα</span> <span class='ocrx_word' id='word_1_155' title='bbox 1119 2603 1245 2708; x_wconf 83' lang='grc' dir='ltr'>τρόπον</span> 
     </span>
     <span class='ocr_line' id='line_1_20' title="bbox 152 2727 1245 2833; baseline 0.003 -28"><span class='ocrx_word' id='word_1_156' title='bbox 152 2728 305 2808; x_wconf 80' lang='grc' dir='ltr'>ἕκαστον</span> <span class='ocrx_word' id='word_1_157' title='bbox 333 2730 370 2806; x_wconf 81' lang='grc' dir='ltr'>ἐν</span> <span class='ocrx_word' id='word_1_158' title='bbox 398 2731 442 2833; x_wconf 71' lang='grc' dir='ltr'>τῇ</span> <span class='ocrx_word' id='word_1_159' title='bbox 474 2731 583 2832; x_wconf 80' lang='grc' dir='ltr'>μικρᾷ</span> <span class='ocrx_word' id='word_1_160' title='bbox 613 2727 726 2806; x_wconf 90' lang='grc' dir='ltr'>κτίσει</span> <span class='ocrx_word' id='word_1_161' title='bbox 753 2728 959 2827; x_wconf 65' lang='grc' dir='ltr'>καθεόπηκε.</span> <span class='ocrx_word' id='word_1_162' title='bbox 1019 2727 1245 2833; x_wconf 76' lang='grc' dir='ltr'>Τηρεὲταιδέ</span> 
     </span>
     <span class='ocr_line' id='line_1_21' title="bbox 152 2849 1242 2963; baseline 0.005 -31"><span class='ocrx_word' id='word_1_163' title='bbox 152 2858 210 2933; x_wconf 83' lang='grc' dir='ltr'>καὶ</span> <span class='ocrx_word' id='word_1_164' title='bbox 238 2853 344 2938; x_wconf 82' lang='grc' dir='ltr'>αὐτὸς</span> <span class='ocrx_word' id='word_1_165' title='bbox 368 2852 460 2933; x_wconf 88' lang='grc' dir='ltr'>κατά</span> <span class='ocrx_word' id='word_1_166' title='bbox 486 2850 552 2951; x_wconf 83' lang='grc' dir='ltr'>τὴν</span> <span class='ocrx_word' id='word_1_167' title='bbox 578 2849 753 2958; x_wconf 87' lang='grc' dir='ltr'>κεφαλὴν,</span> <span class='ocrx_word' id='word_1_168' title='bbox 775 2856 903 2959; x_wconf 80' lang='grc' dir='ltr'>φησὶν,</span> <span class='ocrx_word' id='word_1_169' title='bbox 925 2852 995 2934; x_wconf 81' lang='grc' dir='ltr'>ὑπὸ</span> <span class='ocrx_word' id='word_1_170' title='bbox 1011 2865 1079 2935; x_wconf 81' lang='grc' dir='ltr'>τοῦ</span> <span class='ocrx_word' id='word_1_171' title='bbox 1095 2853 1242 2963; x_wconf 76' lang='grc' dir='ltr'>Ὀφισί-</span> 
     </span>
     <span class='ocr_line' id='line_1_22' title="bbox 152 2977 1244 3088; baseline 0.001 -30"><span class='ocrx_word' id='word_1_172' title='bbox 152 3015 231 3085; x_wconf 88' lang='grc' dir='ltr'>χου.</span> <span class='ocrx_word' id='word_1_173' title='bbox 292 2981 405 3077; x_wconf 68' lang='grc' dir='ltr'>Αὕτη,</span> <span class='ocrx_word' id='word_1_174' title='bbox 436 2983 563 3083; x_wconf 83' lang='grc' dir='ltr'>φησὶν,</span> <span class='ocrx_word' id='word_1_175' title='bbox 593 2977 696 3056; x_wconf 75' lang='grc' dir='ltr'>εἰκὼν</span> <span class='ocrx_word' id='word_1_176' title='bbox 725 2979 875 3077; x_wconf 78' lang='grc' dir='ltr'>ἕστηκεν</span> <span class='ocrx_word' id='word_1_177' title='bbox 900 2981 938 3057; x_wconf 83' lang='grc' dir='ltr'>ἐν</span> <span class='ocrx_word' id='word_1_178' title='bbox 966 2982 1108 3088; x_wconf 72' lang='grc' dir='ltr'>οὐρανῷ</span> <span class='ocrx_word' id='word_1_179' title='bbox 1134 2984 1244 3088; x_wconf 82' lang='grc' dir='ltr'>σοφία</span> 
     </span>
     <span class='ocr_line' id='line_1_23' title="bbox 152 3104 1274 3215; baseline 0.005 -33"><span class='ocrx_word' id='word_1_180' title='bbox 152 3138 204 3186; x_wconf 90' lang='grc' dir='ltr'>τις</span> <span class='ocrx_word' id='word_1_181' title='bbox 237 3105 331 3183; x_wconf 78' lang='grc' dir='ltr'>οὖσα</span> <span class='ocrx_word' id='word_1_182' title='bbox 361 3113 426 3184; x_wconf 85' lang='grc' dir='ltr'>τοῦ</span> <span class='ocrx_word' id='word_1_183' title='bbox 455 3108 539 3183; x_wconf 82' lang='grc' dir='ltr'>ἰδεῖν</span> <span class='ocrx_word' id='word_1_184' title='bbox 566 3105 782 3204; x_wconf 77' lang='grc' dir='ltr'>δυναμένοις.</span> <span class='ocrx_word' id='word_1_185' title='bbox 842 3110 887 3184; x_wconf 71' lang='lat' dir='ltr'>Ei</span> <span class='ocrx_word' id='word_1_186' title='bbox 916 3104 954 3183; x_wconf 82' lang='grc' dir='ltr'>δέ</span> <span class='ocrx_word' id='word_1_187' title='bbox 978 3106 1081 3186; x_wconf 85' lang='grc' dir='ltr'>ε’στὶν</span> <span class='ocrx_word' id='word_1_188' title='bbox 1109 3104 1274 3215; x_wconf 75' lang='grc' dir='ltr'>ἀσοφὲς45</span> 
     </span>
     <span class='ocr_line' id='line_1_24' title="bbox 153 3228 1242 3336; baseline 0.004 -28"><span class='ocrx_word' id='word_1_189' title='bbox 153 3228 244 3308; x_wconf 81' lang='grc' dir='ltr'>κατὰ</span> <span class='ocrx_word' id='word_1_190' title='bbox 262 3238 380 3325; x_wconf 76' lang='grc' dir='ltr'>τοῦτο,</span> <span class='ocrx_word' id='word_1_191' title='bbox 401 3229 444 3308; x_wconf 83' lang='grc' dir='ltr'>δι’</span> <span class='ocrx_word' id='word_1_192' title='bbox 463 3231 582 3328; x_wconf 84' lang='grc' dir='ltr'>ἀλλης</span> <span class='ocrx_word' id='word_1_193' title='bbox 600 3228 743 3328; x_wconf 78' lang='grc' dir='ltr'>εἰκόνος,</span> <span class='ocrx_word' id='word_1_194' title='bbox 762 3233 890 3336; x_wconf 81' lang='grc' dir='ltr'>φησὶν,</span> <span class='ocrx_word' id='word_1_195' title='bbox 910 3231 933 3329; x_wconf 84' lang='grc' dir='ltr'><strong><em>ἡ</em></strong></span> <span class='ocrx_word' id='word_1_196' title='bbox 957 3233 1075 3318; x_wconf 86' lang='grc' dir='ltr'>κτίσις</span> <span class='ocrx_word' id='word_1_197' title='bbox 1092 3232 1242 3315; x_wconf 70' lang='grc' dir='ltr'>διδάσκει</span> 
     </span>
     <span class='ocr_line' id='line_1_25' title="bbox 153 3355 1046 3461; baseline 0.01 -29"><span class='ocrx_word' id='word_1_198' title='bbox 153 3361 385 3461; x_wconf 86' lang='grc' dir='ltr'>φιλοσοφεῖν,</span> <span class='ocrx_word' id='word_1_199' title='bbox 405 3359 485 3459; x_wconf 84' lang='grc' dir='ltr'>περὶ</span> <span class='ocrx_word' id='word_1_200' title='bbox 502 3357 545 3455; x_wconf 82' lang='grc' dir='ltr'>ἧς</span> <span class='ocrx_word' id='word_1_201' title='bbox 563 3355 754 3459; x_wconf 82' lang='grc' dir='ltr'>δ”Αρατος</span> <span class='ocrx_word' id='word_1_202' title='bbox 770 3356 904 3460; x_wconf 87' lang='grc' dir='ltr'>είρηκεν</span> <span class='ocrx_word' id='word_1_203' title='bbox 922 3358 1046 3442; x_wconf 71' lang='grc' dir='ltr'>οὕτως·</span> 
     </span>
     <span class='ocr_line' id='line_1_26' title="bbox 302 3490 994 3590; baseline 0.004 -28"><span class='ocrx_word' id='word_1_204' title='bbox 302 3490 373 3562; x_wconf 73' lang='grc' dir='ltr'>Οὐδ’</span> <span class='ocrx_word' id='word_1_205' title='bbox 392 3491 450 3588; x_wconf 86' lang='grc' dir='ltr'>ἀρα</span> <span class='ocrx_word' id='word_1_206' title='bbox 467 3499 595 3584; x_wconf 77' lang='grc' dir='ltr'>Κηφῆος</span> <span class='ocrx_word' id='word_1_207' title='bbox 611 3491 735 3590; x_wconf 80' lang='grc' dir='ltr'>μογερόν</span> <span class='ocrx_word' id='word_1_208' title='bbox 751 3494 834 3588; x_wconf 72' lang='grc' dir='ltr'>γένος</span> <span class='ocrx_word' id='word_1_209' title='bbox 850 3491 994 3565; x_wconf 82' lang='grc' dir='ltr'>Ἰασίδαο.</span> 
     </span>
     <span class='ocr_line' id='line_1_27' title="bbox 90 3612 1240 3720; baseline 0.008 -30"><span class='ocrx_word' id='word_1_210' title='bbox 90 3636 142 3711; x_wconf 87' lang='lat'>49</span> <span class='ocrx_word' id='word_1_211' title='bbox 207 3613 256 3691; x_wconf 90' lang='grc' dir='ltr'><strong>Ὁ</strong></span> <span class='ocrx_word' id='word_1_212' title='bbox 277 3612 434 3718; x_wconf 70' lang='grc' dir='ltr'>Κηφεύς,</span> <span class='ocrx_word' id='word_1_213' title='bbox 455 3616 582 3720; x_wconf 86' lang='grc' dir='ltr'>φησὶν,</span> <span class='ocrx_word' id='word_1_214' title='bbox 604 3617 714 3695; x_wconf 68' lang='grc' dir='ltr'>αὑτοῦ</span> <span class='ocrx_word' id='word_1_215' title='bbox 738 3618 817 3695; x_wconf 86' lang='grc' dir='ltr'>ἐστὶ</span> <span class='ocrx_word' id='word_1_216' title='bbox 834 3617 995 3714; x_wconf 85' lang='grc' dir='ltr'>πλησίον</span> <span class='ocrx_word' id='word_1_217' title='bbox 1012 3619 1073 3696; x_wconf 83' lang='grc' dir='ltr'>καὶ</span> <span class='ocrx_word' id='word_1_218' title='bbox 1096 3619 1119 3717; x_wconf 82' lang='grc' dir='ltr'><em>ἦ</em></span> <span class='ocrx_word' id='word_1_219' title='bbox 1139 3624 1240 3698; x_wconf 84' lang='grc' dir='ltr'>Κασ-</span> 
     </span>
     <span class='ocr_line' id='line_1_28' title="bbox 153 3737 1273 3845; baseline 0.007 -28"><span class='ocrx_word' id='word_1_220' title='bbox 153 3737 300 3834; x_wconf 76' lang='grc' dir='ltr'>σιέπεια,</span> <span class='ocrx_word' id='word_1_221' title='bbox 326 3740 384 3816; x_wconf 86' lang='grc' dir='ltr'>καὶ</span> <span class='ocrx_word' id='word_1_222' title='bbox 408 3738 642 3842; x_wconf 76' lang='grc' dir='ltr'>Ἀνδρομέδα,</span> <span class='ocrx_word' id='word_1_223' title='bbox 673 3745 731 3820; x_wconf 82' lang='grc' dir='ltr'>καὶ</span> <span class='ocrx_word' id='word_1_224' title='bbox 760 3745 779 3821; x_wconf 86' lang='grc' dir='ltr'>ὁ</span> <span class='ocrx_word' id='word_1_225' title='bbox 809 3740 983 3844; x_wconf 76' lang='grc' dir='ltr'>Περσεὺς,</span> <span class='ocrx_word' id='word_1_226' title='bbox 1012 3742 1159 3845; x_wconf 79' lang='grc' dir='ltr'>μεγάλα</span> <span class='ocrx_word' id='word_1_227' title='bbox 1182 3748 1273 3843; x_wconf 70' lang='grc' dir='ltr'>ιῆςςο</span> 
     </span>
     <span class='ocr_line' id='line_1_29' title="bbox 196 3923 806 3998; baseline 0.002 -19"><span class='ocrx_word' id='word_1_228' title='bbox 196 3941 241 3995; x_wconf 88' lang='lat'>24.</span> <span class='ocrx_word' id='word_1_229' title='bbox 257 3923 326 3980; x_wconf 88' lang='lat' dir='ltr'>Cod.</span> <span class='ocrx_word' id='word_1_230' title='bbox 337 3926 471 3995; x_wconf 72' lang='grc' dir='ltr'>φιλαίτιοι,</span> <span class='ocrx_word' id='word_1_231' title='bbox 483 3925 558 3998; x_wconf 88' lang='lat' dir='ltr'>quod</span> <span class='ocrx_word' id='word_1_232' title='bbox 573 3927 679 3981; x_wconf 82' lang='lat' dir='ltr'><strong>mutavi</strong></span> <span class='ocrx_word' id='word_1_233' title='bbox 720 3945 806 3982; x_wconf 78' lang='lat' dir='ltr'><strong>erasa.</strong></span> 
     </span>
     <span class='ocr_line' id='line_1_30' title="bbox 152 4005 1240 4081; baseline 0.004 -22"><span class='ocrx_word' id='word_1_234' title='bbox 152 4023 187 4061; x_wconf 84' lang='lat' dir='ltr'>ex</span> <span class='ocrx_word' id='word_1_235' title='bbox 203 4005 290 4060; x_wconf 78' lang='lat' dir='ltr'><strong>Arato</strong></span> <span class='ocrx_word' id='word_1_236' title='bbox 304 4022 346 4060; x_wconf 80' lang='lat' dir='ltr'>vs.</span> <span class='ocrx_word' id='word_1_237' title='bbox 356 4021 425 4076; x_wconf 87' lang='grc'>333.</span> <span class='ocrx_word' id='word_1_238' title='bbox 760 4023 808 4080; x_wconf 79' lang='grc'>45.</span> <span class='ocrx_word' id='word_1_239' title='bbox 828 4007 899 4080; x_wconf 71' lang='lat' dir='ltr'>Leg.</span> <span class='ocrx_word' id='word_1_240' title='bbox 913 4009 967 4064; x_wconf 77' lang='grc' dir='ltr'>τοῖς</span> <span class='ocrx_word' id='word_1_241' title='bbox 980 4025 1032 4081; x_wconf 85' lang='lat' dir='ltr'>pro</span> <span class='ocrx_word' id='word_1_242' title='bbox 1050 4013 1107 4073; x_wconf 81' lang='grc' dir='ltr'>τοῦ,</span> <span class='ocrx_word' id='word_1_243' title='bbox 1121 4008 1162 4064; x_wconf 83' lang='lat' dir='ltr'>uti</span> <span class='ocrx_word' id='word_1_244' title='bbox 1179 4021 1240 4064; x_wconf 83' lang='lat' dir='ltr'>mox</span> 
     </span>
     <span class='ocr_line' id='line_1_31' title="bbox 194 4084 825 4159; baseline 0.006 -21"><span class='ocrx_word' id='word_1_245' title='bbox 194 4101 242 4157; x_wconf 86' lang='lat'>29.</span> <span class='ocrx_word' id='word_1_246' title='bbox 259 4084 328 4157; x_wconf 82' lang='lat' dir='ltr'><strong>Leg.</strong></span> <span class='ocrx_word' id='word_1_247' title='bbox 336 4084 456 4139; x_wconf 82' lang='grc' dir='ltr'>Ἐπειδὰν</span> <span class='ocrx_word' id='word_1_248' title='bbox 469 4085 490 4137; x_wconf 86' lang='grc' dir='ltr'>δ’</span> <span class='ocrx_word' id='word_1_249' title='bbox 501 4086 516 4153; x_wconf 78' lang='grc' dir='ltr'><em>ἡ</em></span> <span class='ocrx_word' id='word_1_250' title='bbox 531 4089 584 4139; x_wconf 85' lang='grc' dir='ltr'>τοῦ.</span> <span class='ocrx_word' id='word_1_251' title='bbox 719 4086 766 4141; x_wconf 87' lang='lat' dir='ltr'>lin.</span> <span class='ocrx_word' id='word_1_252' title='bbox 778 4100 825 4159; x_wconf 81' lang='lat'>51.</span> 
     </span>
    </p>
   </div>
   <div class='ocr_carea' id='block_1_2' title="bbox 194 4163 1041 4242">
    <p class='ocr_par' dir='ltr' id='par_1_2' title="bbox 194 4163 1041 4242">
     <span class='ocr_line' id='line_1_32' title="bbox 194 4163 1041 4242; baseline 0.007 -25"><span class='ocrx_word' id='word_1_253' title='bbox 194 4182 240 4236; x_wconf 85' lang='lat'>34.</span> <span class='ocrx_word' id='word_1_254' title='bbox 256 4163 320 4219; x_wconf 87' lang='lat' dir='ltr'>Vox</span> <span class='ocrx_word' id='word_1_255' title='bbox 342 4165 471 4233; x_wconf 77' lang='grc' dir='ltr'>θεωρεῖται</span> <span class='ocrx_word' id='word_1_256' title='bbox 491 4175 623 4240; x_wconf 81' lang='lat' dir='ltr'><strong>corrupta</strong></span> <span class='ocrx_word' id='word_1_257' title='bbox 637 4166 677 4221; x_wconf 92' lang='lat' dir='ltr'>vi·</span> <span class='ocrx_word' id='word_1_258' title='bbox 760 4183 809 4239; x_wconf 85' lang='lat'>47.</span> <span class='ocrx_word' id='word_1_259' title='bbox 826 4168 903 4223; x_wconf 78' lang='grc' dir='ltr'>λταῑ.</span> <span class='ocrx_word' id='word_1_260' title='bbox 920 4186 961 4223; x_wconf 83' lang='lat' dir='ltr'>vs.</span> <span class='ocrx_word' id='word_1_261' title='bbox 978 4183 1041 4242; x_wconf 80' lang='lat'>179.</span> 
     </span>
    </p>
   </div>
   <div class='ocr_carea' id='block_1_3' title="bbox 154 4244 1060 4477">
    <p class='ocr_par' dir='ltr' id='par_1_3' title="bbox 154 4244 1060 4477">
     <span class='ocr_line' id='line_1_33' title="bbox 154 4244 1047 4319; baseline 0.003 -20"><span class='ocrx_word' id='word_1_262' title='bbox 154 4244 245 4300; x_wconf 84' lang='lat' dir='ltr'>detur.</span> <span class='ocrx_word' id='word_1_263' title='bbox 762 4245 810 4319; x_wconf 87' lang='lat'>48.</span> <span class='ocrx_word' id='word_1_264' title='bbox 827 4246 899 4303; x_wconf 83' lang='lat' dir='ltr'><strong>cod.</strong></span> <span class='ocrx_word' id='word_1_265' title='bbox 914 4248 950 4304; x_wconf 76' lang='grc' dir='ltr'>εἰς</span> <span class='ocrx_word' id='word_1_266' title='bbox 962 4244 1047 4303; x_wconf 71' lang='grc' dir='ltr'>ἀΐδαο.</span> 
     </span>
     <span class='ocr_line' id='line_1_34' title="bbox 194 4324 1060 4401; baseline 0.008 -23"><span class='ocrx_word' id='word_1_267' title='bbox 194 4342 242 4396; x_wconf 89' lang='lat'>41.</span> <span class='ocrx_word' id='word_1_268' title='bbox 258 4324 328 4397; x_wconf 81' lang='lat' dir='ltr'>Leg.</span> <span class='ocrx_word' id='word_1_269' title='bbox 343 4327 556 4397; x_wconf 83' lang='grc' dir='ltr'>ποροφνλάσσετ.</span> <span class='ocrx_word' id='word_1_270' title='bbox 762 4345 811 4401; x_wconf 83' lang='grc'>49.</span> <span class='ocrx_word' id='word_1_271' title='bbox 827 4326 900 4384; x_wconf 86' lang='lat' dir='ltr'><strong>Cod.</strong></span> <span class='ocrx_word' id='word_1_272' title='bbox 912 4328 1060 4385; x_wconf 76' lang='grc' dir='ltr'>Κοσιίπεια.</span> 
     </span>
     <span class='ocr_line' id='line_1_35' title="bbox 194 4404 681 4477; baseline 0.002 -18"><span class='ocrx_word' id='word_1_273' title='bbox 194 4423 243 4477; x_wconf 91' lang='grc'>44.</span> <span class='ocrx_word' id='word_1_274' title='bbox 261 4404 293 4460; x_wconf 91' lang='lat' dir='ltr'>In</span> <span class='ocrx_word' id='word_1_275' title='bbox 316 4405 379 4461; x_wconf 85' lang='lat' dir='ltr'><strong>cod.</strong></span> <span class='ocrx_word' id='word_1_276' title='bbox 400 4424 455 4462; x_wconf 83' lang='lat' dir='ltr'>vox</span> <span class='ocrx_word' id='word_1_277' title='bbox 477 4407 549 4462; x_wconf 76' lang='grc' dir='ltr'>ιίιιὸυ</span> <span class='ocrx_word' id='word_1_278' title='bbox 569 4405 681 4462; x_wconf 84' lang='lat' dir='ltr'>videtur</span> 
     </span>
    </p>
   </div>
   <div class='ocr_carea' id='block_1_4' title="bbox 0 0 1396 4972">
    <p class='ocr_par' dir='ltr' id='par_1_4' title="bbox 0 0 1396 4972">
     <span class='ocr_line' id='line_1_36' title="bbox 0 0 1396 4972; baseline 0 1"><span class='ocrx_word' id='word_1_279' title='bbox 0 0 1396 4972; x_wconf 95' lang='lat' dir='ltr'> </span> 
     </span>
    </p>
   </div>
  </div>
 </body>
</html>
