2782 4972
102 303 167 362 224·
549 297 764 362 ORIGENIS
1146 294 1217 360 Vll.
1229 317 1273 380 η-

67 476 92 548 9
160 463 246 541 Πῶς
269 460 327 534 καὶ
352 460 372 535 ὁ
399 453 574 540 θεόδοτος
600 453 837 554 πεπλάνηται,
856 453 881 535 ά
898 452 967 554 μέν
985 463 1062 535 τῶν
1080 457 1207 547 Ἐβιω·

104 584 210 662 ναίων
229 580 494 684 έρανισόμενος.

46 735 93 787 10
161 713 233 789 Καὶ
261 710 340 788 τίνα
370 708 571 810 Σακέρδωνι
598 706 713 811 ἔδοξε,
742 714 800 788 καὶ
827 711 924 815 αύτῷ
952 709 1002 789 τὰ
1029 711 1243 808 Ἑμπεδο-ιο

104 832 230 919 κλέους
247 831 379 914 εἰπόντι
398 837 456 912 καὶ
473 839 590 918 κακῶς
608 832 879 937 προβιβάσαντι
896 833 1194 938 τδνΜαρκίωνα.

47 980 88 1033 11
162 962 235 1039 Καὶ
259 965 337 1043 πῶς
365 957 561 1045 Λουκιανὸς
587 959 750 1059 μσθιμὴς
774 958 964 1061 γενόμενος
995 965 1210 1066 Μαρκίωνος

104 1087 349 1188 άτιηρυθρίασε
368 1083 477 1182 μόνος
493 1083 556 1164 τδν
574 1083 654 1165 θεὸν
671 1086 978 1192 ἐβλασφήμησεν.

47 1236 92 1293 12
161 1213 220 1291 Οὗ
247 1214 306 1291 καὶ
332 1212 520 1309 Ἀπελλῆς
547 1210 734 1311 γενόμενος
761 1209 935 1312 μαθητὴς,
970 1215 1014 1292 ού
1042 1214 1093 1293 τὰ
1124 1216 1208 1294 αὐτὰ

104 1343 156 1445 τῷ
175 1335 384 1443 διδασκάλῳ
401 1334 635 1436 ἐδογμάτισεν
653 1337 755 1416 ἀλλὰ
771 1341 810 1417 ἐκ
829 1344 1000 1444 φυσικῶν
1022 1340 1244 1442 δογμάτωνη

105 1465 253 1561 κινηθεὶς
272 1459 338 1559 τὴν
357 1463 485 1542 οὐσίαν
502 1472 566 1542 τοῦ
584 1463 719 1550 παντὸς
738 1463 896 1545 ὑπέθετο.

48 1740 95 1820 13
164 1714 322 1816 Πελάγει
359 1716 649 1824 κλυδωνιζομένῳ
683 1716 752 1797 ὑπὸ
784 1719 866 1811 βίας
898 1718 1043 1818 ἀνέμων
1077 1720 1209 1800 ἐοικότα

106 1849 264 1949 ὁρῶντας
282 1843 328 1924 τὰ
351 1850 423 1923 τῶν
445 1849 627 1948 αἱρετικῶν
646 1842 822 1946 δόγματα,
842 1848 952 1950 ἐχρῆν
974 1845 1063 1932 τοὺς
1082 1850 1206 1951 άκροα·

107 1970 172 2057 τδις
194 1975 397 2073 παραπλεῖν
422 1966 669 2069 ἐπιζητοῦντας
686 1968 750 2049 τὸν
770 1973 884 2050 εύδιον
907 1971 1051 2068 λιμένα·
1084 1972 1128 2053 τὸ
1144 1972 1210 2076 γὰρ

13 2117 54 2181 86
70 2138 96 2180 r.
107 2106 268 2178 τοιοῦτον
292 2095 452 2197 πέλαγός
477 2097 556 2177 ἐστι
580 2099 639 2175 καὶ
663 2099 831 2200 θηριῶδες
856 2099 915 2176 καὶ
941 2098 1148 2197 δύσβατον,
1166 2103 1240 2185 ι’)ςι0

107 2229 213 2303 εἰπεῖν
240 2222 283 2303 τὸ
315 2220 575 2319 Σικελιωτικὸν,
602 2224 640 2301 ἐν
667 2219 696 2329 ᾧ
723 2221 906 2322 μυθεύεται
936 2224 1127 2332 Κύκλωψ,
1157 2230 1209 2305 καὶ

109 2346 307 2450 Χάρυβδις,
328 2352 386 2425 καὶ
416 2348 568 2428 Σκύλλα
593 2409 720 2426 .....
751 2350 810 2426 καὶ
836 2346 879 2427 τὸ
901 2349 1087 2451 Σειρήνων
1114 2352 1203 2455 ὅρος·

108 2473 130 2553 δ
167 2477 380 2553 διαπλεῦσαι
418 2473 606 2582 φάσκουσι
641 2472 706 2554 τόν
734 2472 922 2554 Ὀδυσσέα
948 2477 1148 2578 Ἑλλήνων
1177 2482 1205 2556 οἱ

107 2603 262 2699 ποιηταὶ,
275 2601 487 2703 πανούργως
505 2599 733 2706 χρησάμενον
751 2607 796 2706 τῇ
814 2607 887 2681 τῶν
903 2600 1077 2706 πράξεων
1095 2611 1206 2707 θηρῶν

109 2728 289 2826 δεινότητι.
351 2725 537 2835 Διάφορος
555 2728 627 2830 γὰρ
652 2729 674 2826 ἡ
699 2727 836 2808 τούτων
860 2726 1002 2827 ὠμότης
1021 2730 1115 2834 πρὸς
1132 2728 1238 2817 τοῦς35

111 2854 343 2940 διαπλέοντας
364 2853 421 2953 ἦν·
453 2860 489 2933 αι’
514 2853 553 2933 δέ
579 2859 740 2957 Σειρῆνες
758 2852 844 2956 λιγύ
868 2852 1023 2962 ᾄδουσαι
1041 2862 1102 2938 καὶ
1123 2893 1205 2958 μου·

111 2980 216 3059 σικὸν
235 2979 381 3078 ἠπάτων
398 2979 481 3066 τοὺς
498 2982 785 3083 παραπλέοντας,
805 2983 992 3063 πείθουσαι
1015 2986 1090 3090 ἰδίᾳ
1111 2988 1208 3092 φωνῆ

109 3104 308 3209 προσάγειν
339 3106 422 3192 τοὺς
454 3106 709 3210 ἀκροωμένους.
768 3113 887 3188 Τοῦτο
922 3109 1088 3208 μαθόντα
1120 3116 1209 3218 φασὶ

111 3232 175 3313 τὸν
203 3232 391 3315 Ὀδυσσέα
423 3241 676 3337 κατακηρῶσαι
708 3234 773 3320 τὰς
804 3232 913 3320 ἀκοὰς
945 3244 1020 3316 τῶν
1051 3239 1207 3342 ἑταίρων,

109 3358 234 3440 ἑαυτὸν
262 3359 299 3438 δέ
326 3367 377 3467 τῷ
405 3359 508 3467 ξύλῳ
533 3360 798 3463 προσδήσαντα
827 3371 1086 3464 παραπλεῦσαι
1115 3367 1242 3445 dnm-4⁰

111 3485 223 3570 δύνως
253 3486 317 3572 τὰς
346 3491 514 3589 Σειρῆνας
547 3486 820 3567 κατακούσαντα
847 3491 910 3586 τῆς
937 3488 1078 3569 τούτων
1104 3493 1205 3596 ᾠδῆς.

102 3609 157 3691 Ὃ
172 3618 321 3712 ποιῆσαι
340 3622 414 3698 τοῖς
431 3612 710 3719 ἐντυγχάνουσιν
730 3613 938 3714 συμβουλὴ,
956 3621 1015 3695 καὶ
1033 3615 1057 3717 ἢ
1075 3618 1122 3698 τὰ
1139 3615 1208 3698 ὦτα

112 3739 437 3843 κατακηρώσαντας
456 3742 497 3818 δι’
517 3742 703 3820 ἀσθένειαν
723 3746 937 3822 διαπλεῦσαι
955 3742 1001 3823 τὰ
1018 3751 1093 3825 τῶν
1119 3744 1205 3848 αἶρέ·

158 3971 201 4026 18.
217 3971 288 4026 Cod.
299 3932 462 4038 ’Eflfflvat'mm
724 3980 769 4035 28.
786 3979 857 4035 Cod.
873 3983 989 4052 δρῶντες.

155 4069 201 4124 19.
217 4051 295 4106 Fort.
311 4051 463 4106 addenda!
484 4055 573 4111 δὲτοῦ
588 4065 639 4124 Κη-
722 4059 861 4129 32.Cod.
883 4059 974 4115 Σκύλα
1023 4060 1102 4118 Fort.
1125 4063 1205 4117 ἔτιδὲ

112 4131 210 4203 μίνθου.
682 4142 723 4194 καὶ
737 4144 776 4194 τό.

156 4228 170 4266 2
174 4227 201 4281 3.
217 4210 295 4266 Fort.
308 4213 348 4264 καὶ
361 4215 446 4280 μόνος,
456 4213 500 4268 vel
514 4217 639 4287 βλασφη-
725 4237 772 4293 34.
789 4220 867 4276 Fort.
882 4222 1042 4292 παραδόξων.

112 4296 201 4361 μῆσαι,
723 4317 772 4372 42.
788 4302 831 4356 An
845 4302 983 4371 συμβουλὴ
1000 4301 1100 4376 [ἐμήῃ

155 4389 201 4442 24.
217 4371 354 4427 Οοά.”οτι
367 4373 407 4426 καὶ
421 4391 473 4447 pro
487 4373 517 4427 οὗ
533 4375 582 4429 καί.
