2782 4972
94 317 160 384 262
537 310 754 377 ORIGENIS
1116 310 1241 377 VIM—

94 478 286 579 γέλλονται
313 472 598 581 τυφλώττοντες,
627 476 726 551 δοκεῖ
750 472 837 571 ἡμῖν
867 468 962 571 μηδὲ
993 470 1041 551 τὰ
1071 469 1192 551 τούτων

95 603 258 704 δόγματα
276 607 434 696 σιωπᾶν,
455 599 552 684 ὅπως
570 596 638 678 κᾶν
656 597 714 677 διὰ
731 606 796 678 τοῦ
815 598 875 706 ὑφ’
897 599 1004 696 ἡμῶν
1022 597 1222 698 γινομένουο

95 729 247 833 ε’λέγχου
273 726 364 831 πρὸς
393 727 511 804 αὐτῶν
538 724 757 810 αἰδεσθέντες
783 727 964 826 ε’πιγνῶσι
993 733 1073 809 πῶς
1100 758 1193 804 συνε-

97 853 296 950 βούλευσεν
324 856 344 932 f>
372 849 501 954 Σωτὴρ
527 850 679 954 ἐξαιρεῖν
706 850 773 949 τῆν
801 852 911 930 δοκὸν
941 858 1106 956 πρῶτον,
1133 847 1197 929 εἶτα

98 980 304 1074 διαβλέπειν
321 976 363 1059 τὸ
389 975 528 1085 κάρφος
544 976 587 1057 τὸ
607 979 645 1056 έν
662 980 714 1083 τῶ
732 980 918 1084 ὀφθαλμῷ
936 987 1004 1058 τοῦ
1031 981 1195 1083 ἀδελφοῦ.

100 1104 295 1210 Αύτοίρκως
320 1106 383 1185 οὖν
411 1107 468 1183 καὶ
496 1108 624 1187 ἱκανῶς
650 1100 824 1201 ε’κθέμενοι
850 1103 899 1183 τὰ
927 1111 1005 1184 τῶν
1032 1102 1199 1184 πλειόνων

98 1236 136 1312 ἐν
161 1239 238 1317 ταῖς
260 1230 331 1335 πρὸ
356 1229 486 1330 ταύτης
503 1231 649 1325 βίβλοις
669 1231 772 1328 ἑπτὰ,
793 1238 858 1309 νῦν
881 1230 933 1309 τὰ
959 1232 1144 1311 ἀκόλουθα
1165 1233 1230 1325 ούη

100 1357 346 1459 σκοπήσομεν,
367 1356 409 1437 τὸ
431 1358 592 1464 ἄφθονον
609 1361 673 1456 τῆς
690 1354 835 1461 χάριτος
851 1365 919 1436 τοῦ
936 1358 1073 1457 Ἀγίου
1094 1356 1198 1437 Πνεύ·

99 1519 212 1584 ματος
246 1481 506 1579 ἐπιδεικνύντες,
543 1486 601 1561 καὶ
635 1479 718 1566 τούς
753 1487 804 1588 τῷ
841 1486 963 1561 δοκεῖν
1001 1483 1201 1590 ἀσφάλειαν

101 1608 223 1710 λόγων
250 1614 443 1709 κεκτῆσθαι
469 1607 676 1711 ἐλέγξομεν,
698 1607 731 1687 οἳ
757 1606 903 1693 ἑαυτούς
928 1610 1106 1710 Δοκητᾶς
1123 1615 1198 1691 ἀπε·

100 1733 263 1815 κόλεσαν
289 1733 560 1836 δογματίζοντες
581 1743 706 1814 ταῦτα·
736 1732 816 1813 θεὸν
839 1729 928 1812 εἶναι
958 1736 1025 1815 τὸν
1053 1744 1199 1840 πρῶτον,

103 1864 206 1940 οίονεὶ
233 1860 378 1963 σπέρμα
402 1864 518 1959 συκῆς
536 1859 671 1961 μεγέθει
692 1858 757 1959 μὲν
781 1857 985 1964 ἐλάχιστον
1009 1869 1200 1957 παντελῶς,
1207 1896 1233 1949 30

13 2016 55 2065 02
65 2019 94 2061 v.
104 1984 247 2085 δυνοίμει
265 1985 303 2064 δέ
320 1984 500 2084 ταπεινὸν,
519 1984 667 2087 μέγεθος
683 1985 877 2089 ἀνήριθμον
894 1988 934 2065 έν
953 1987 1103 2088 πλῆθει,
1122 1987 1203 2090 πρὸς

104 2113 247 2214 γένεσιν
289 2110 498 2215 ἀπροσδεὲς,
537 2113 773 2219 φοβουμένων
814 2112 1026 2219 καταφυγὴ,
1066 2121 1202 2216 γυμνῶν

103 2238 232 2336 σκέπη,
263 2238 438 2342 αἰσχύνης
464 2237 704 2339 ἐπικάλυμμα,
735 2237 945 2340 ζητούμενος
974 2241 1127 2343 καρπὸς,
1153 2239 1200 2345 ἐφ’

104 2361 145 2441 ὃν
163 2360 273 2458 ἦλθεν
290 2367 310 2441 ό
330 2362 458 2464 ζητῶν,
480 2367 589 2470 φησὶ,
609 2369 685 2468 τρὶς
703 2368 761 2444 καὶ
779 2367 845 2470 ούχ
863 2365 956 2468 εὗρε,
979 2364 1036 2446 δῶ
1053 2363 1198 2469 'campa‘-

104 2521 212 2584 σατο,
233 2492 408 2595 φησῖ,τῆ
437 2494 545 2595 συκῆ,
573 2489 717 2571 ὅτιτῶν
744 2488 882 2592 γλυκὺν
908 2493 1045 2571 ἐκεῖνον
1072 2490 1229 2595 καρπόνςς

105 2615 172 2718 ούχ
198 2613 296 2716 εὗρεν
322 2616 360 2694 έν
387 2618 476 2720 αι’ντῆ
510 2615 648 2719 καρπὸν
680 2614 902 2717 ζητούμενον.
963 2616 1140 2697 Τοιούτου
1167 2614 1198 2693 δέ

106 2740 208 2825 ὄντος
228 2744 275 2825 ὡς
293 2746 399 2820 εἰπεῖν
419 2740 519 2849 τύπῳ
538 2747 597 2820 καὶ
613 2741 839 2841 τηλικούτου,
851 2751 984 2845 μικροῦ
1001 2746 1062 2822 καὶ
1080 2742 1196 2844 άμεγέ·

106 2870 202 2963 θους,
233 2866 308 2944 κατ’
336 2866 486 2949 ἐκείνους
517 2876 581 2946 τοῦ
615 2872 711 2947 Θεοῦ
742 2866 889 2968 γέγονεν
921 2869 941 2945 ὁ
976 2865 1130 2965 κόσμος,
1158 2869 1198 2948 ῶς

105 2993 244 3076 ἐκείνοις
264 2995 368 3089 δοκεῖ,
388 3002 548 3072 τοιοῦτον
565 2993 645 3073 τινὰ
662 2992 807 3096 τρόπον·
837 2995 993 3071 ἁπαλῶν
1011 2992 1199 3095 γενομένων

105 3123 178 3195 τῶν
202 3115 348 3197 κλύδων
374 3123 439 3218 τῆς
463 3123 589 3218 συκῆς,
608 3124 769 3224 προῆλθε
796 3117 926 3225 φύλλα
952 3117 1083 3222 ὥσπερ
1110 3122 1231 3206 ἐστὶνυ

106 3243 297 3347 ὁρεόμενον,
317 3244 495 3344 ἑπομένως
519 3244 556 3323 δὲ
580 3249 600 3324 ὁ
628 3242 774 3347 καρπὸς,
795 3246 832 3323 ἐν
856 3240 885 3350 ᾧ
909 3241 953 3322 τὸ
977 3245 1198 3348 ἄπειρονκαὶ

106 3368 148 3449 τὸ
174 3369 453 3474 ἀνεξαρίθμητον
479 3368 777 3474 θησαυριζόμενον
802 3367 1038 3477 φυλάσσεται
1062 3371 1200 3474 σπέρμα

106 3500 232 3594 συκῆς.
283 3499 376 3597 Τρία
404 3498 467 3576 οὖν
494 3493 580 3575 εἶναι
607 3500 777 3596 δοκοῦμεν
802 3493 848 3574 τὰ
872 3495 1026 3598 πρῶτως
1051 3495 1121 3578 ὑπὸ
1143 3503 1200 3575 τοῦ

107 3620 312 3721 σπέρματος
332 3623 503 3722 γενόμενα
530 3633 594 3704 τοῦ
622 3624 781 3720 συκίνου,
801 3622 974 3725 πρέμνον,
997 3623 1086 3728 ὅπερ
1110 3624 1201 3704 ἔστιν

107 3747 130 3845 ἡ
151 3750 259 3844 συκῆ,
279 3746 408 3852 φύλλα
426 3752 484 3827 καὶ
503 3747 640 3852 καρπὸς
656 3747 698 3828 τὸ
721 3756 847 3845 σῦκον,
869 3751 917 3831 ὡς
935 3748 1232 3853 προειρῆκαμεν.4ς

109 3873 248 3968 Οίίτως,
271 3876 378 3977 φησὶ,
398 3881 490 3975 τρεῖς
508 3872 702 3976 γεγόνασιν
725 3878 860 3971 αι’ῶνες,
882 3872 956 3954 ἀπὸ
979 3880 1046 3974 τῆς
1066 3876 1201 3979 πρώτης

153 4111 196 4166 19.
213 4095 282 4151 Cod.
297 4093 487 4167 ἐπαγγελοντακ
719 4115 736 4170 3
740 4115 768 4171 3.
785 4095 858 4153 Cod.
873 4097 1027 4167 ἐπικαλυμα.

149 4174 197 4230 28.
220 4175 335 4230 Excidit
358 4174 486 4242 οἰομένους
510 4176 555 4232 vel
579 4176 636 4233 tale
718 4178 767 4250 36.
781 4180 878 4250 καρπὸν
887 4186 936 4234 aut
951 4177 1105 4235 delendum
1118 4176 1199 4235 autin

107 4252 185 4322 quid.
229 4254 301 4311 Cod.
316 4252 354 4311 οἶς
367 4254 478 4310 ἑαυτούς.
677 4260 721 4312 τὸν
736 4258 913 4314 mutandum.

149 4349 198 4405 29.
215 4333 293 4390 Fort.
307 4340 337 4388 τὸ
350 4357 397 4405 πρ.
718 4351 767 4413 37.
782 4337 881 4395 Codex
896 4342 967 4414 τότγ
981 4346 1009 4395 et
1024 4342 1066 4394 καὶ
1078 4339 1198 4411 μεγέθους.

148 4425 194 4480 30.
211 4412 282 4468 Cod.
298 4416 388 4469 οίωνεί.
718 4419 767 4491 46.
783 4417 856 4475 Cod.
872 4418 956 4477 οὗτος.
