2782 4972
251 270 294 331 48
691 263 907 329 ORIGENIS
1290 262 1344 326 IV.
1377 287 1384 307 ·

252 434 411 522 λαβοῦσι
439 421 561 532 ῥᾴδιον
588 423 689 504 ἕσται
721 422 813 504 κατά
838 423 880 504 τό
911 421 1152 504 Πλατωνικὸν
1177 421 1269 503 αότό
1295 420 1388 511 τᾶςεο

252 550 344 633 κατά
369 550 412 633 τὸ
440 549 635 631 διπλάσιον
653 555 712 630 καὶ
735 549 966 655 τριπλάσιον,
988 554 1037 635 ῶς
1061 548 1164 653 ἀξιοῖ
1182 547 1352 645 Πλάτων,

253 682 312 759 καὶ
329 678 376 759 τά
395 677 545 761 λοιπά’
525 677 767 779 αποστήματα
790 682 948 783 ἀριθμῶν
965 682 1189 781 περιλαβεῖν.
1252 681 1298 757 Ει
1316 672 1355 774 δη

253 804 407 887 κατὰ
371 841 435 886 τον
461 805 734 911 Ἀρχιμήδην’
713 805 786 887 απὸ
813 810 877 905 τῆς
903 806 1108 912 ἐπιφανείας
1137 808 1205 903 τῆς
1238 839 1308 905 γης
1334 838 1354 901 η

254 950 392 1051 σελήνη
421 950 618 1102 ἀφέστηκε
626 951 786 1031 σταδίων
807 947 947 1052 μυριόδ.
972 951 1046 1054 φνδ
1072 950 1247 1034 σταδίους
1266 934 1351 1061 δρλ,

254 1074 377 1185 ῥόδων
394 1076 541 1161 τούτους
558 1074 641 1161 τοὺς
659 1074 829 1179 ἀριθμους
848 1074 1025 1179 αὔξοντας
1044 1072 1135 1155 κατά
1158 1111 1203 1155 το
1184 1072 1352 1157 διπλό·
1338 1100 1388 1157 ·45

255 1238 338 1284 σιον
355 1208 414 1282 καὶ
431 1201 662 1306 τριπλάσιον,
683 1200 803 1282 καὶ
759 1239 806 1283 τα
828 1210 901 1282 τῶν
920 1209 1058 1282 λοιπῶν
1075 1204 1190 1307 εὑρεῖν
1208 1204 1352 1303 διαστή·

255 1365 364 1431 ματα,
386 1332 435 1414 ὡς
461 1336 544 1427 μιάς
570 1329 696 1432 μοίρας
714 1327 989 1428 λαμβανομένης
1015 1337 1080 1409 τοῦ
1107 1335 1184 1408 τῶν
1202 1332 1354 1411 σταδίοιν

185 1494 248 1562 7r.
257 1461 408 1560 ἀριθμοῦ
427 1457 488 1542 οὓς
505 1456 527 1555 ἡ
546 1453 684 1555 σελήνη
702 1460 766 1555 τῆς
785 1460 852 1556 γῆς
877 1454 1089 1561 ἀφέστηκεν.
1141 1454 1234 1536 Ὅτι
1262 1456 1301 1537 δέ
1326 1462 1353 1536 οἱ

257 1586 378 1663 λοιποὶ
397 1586 538 1684 ἀριθμοὶ
557 1587 590 1661 οἱ
609 1582 666 1661 ὑπ’
682 1581 922 1688 Ἀρχιμήδους
939 1587 1019 1685 περὶ
1037 1585 1101 1681 τῆς
1119 1582 1355 1668 ἀποστάσεως

256 1715 330 1789 τῶν
351 1708 595 1806 πλανωμένων
623 1707 808 1809 λεγόμενοι
836 1712 899 1788 οὐκ
925 1712 963 1787 ἐν
991 1708 1206 1813 συμφώνως
1237 1708 1354 1812 λόγοις
1360 1744 1389 1803 50

258 1830 382 1941 ῥᾴδιον
398 1841 544 1934 γνῶναι,
565 1841 642 1919 πῶς
663 1834 787 1940 έχουσι
814 1834 905 1939 πρός
932 1835 1122 1935 ἀλλήλους
1146 1840 1208 1917 καὶ
1232 1838 1269 1915 ἐν
1286 1838 1353 1918 τίσι

258 1960 383 2063 λόγοις
406 1965 477 2042 είσὶ
502 1961 807 2062 κατανοήσαντας·
837 1960 993 2061 μὴεῖναι
1016 1961 1053 2042 δέ
1074 1964 1112 2041 ἐν
1130 1965 1287 2071 ἁρμονίᾳ
1303 1968 1353 2043 καὶ

257 2089 452 2194 συμφωνίᾳ
469 2097 582 2169 ταῦτα
599 2098 664 2169 τοῦ
686 2087 763 2168 καθ
782 2091 955 2192 ἁρμονίαν
971 2096 1204 2177 συνεστῶτος
1221 2090 1354 2191 κόσμου

258 2215 345 2294 ὅντα
371 2215 460 2318 μέρη
489 2214 673 2295 ἀδύνατον.
730 2222 806 2294 Τοῦ
831 2215 896 2314 μέν
915 2213 1121 2318 δήπρῶτον
1148 2218 1353 2320 ἀμιθμοῦόν

259 2357 462 2463 ἀφέστηκεν
479 2360 502 2457 ή
520 2358 658 2458 σελήνη
686 2364 750 2458 τῆς
777 2363 845 2461 γῆς
869 2360 972 2444 ὄντος
988 2357 1131 2462 μνριάδ.
1152 2348 1232 2467 φιν-δ
1246 2358 1385 2462 μανά-55

260 2503 332 2579 δων
351 2487 485 2613 Ιδρ-λ,ό
512 2501 671 2605 δεύτερος
698 2501 845 2606 ἀριθμός
873 2503 914 2583 ὃν
939 2503 1143 2609 ἀφέστηκεν
1167 2505 1272 2604 ἥλως
1296 2509 1352 2604 της

261 2643 418 2743 σελήνης
445 2643 496 2724 ῶν
522 2643 663 2749 μυριάδ.
683 2632 762 2758 Ιε-κ-ζ,
782 2643 947 2744 μονάδων
974 2632 1065 2759 ᾖξε,
1086 2650 1123 2726 ἐν
1151 2648 1257 2759 λόγῳ
1282 2652 1352 2731 ε’στὶ

260 2777 385 2851 πλεῖον
403 2770 425 2871 ἢ
444 2772 618 2854 ἔλασσον.
672 2771 773 2876 Πρός
791 2772 829 2853 δὲ
846 2782 973 2853 τοῦτον
991 2777 1012 2853 ό
1029 2774 1195 2879 ἀνωτέρω
1213 2772 1352 2881 ἀριθμός

261 2912 312 2993 ῶν
338 2902 477 3018 μιῇἀδ.
497 2902 587 3029 γ-ἀκζ,
611 2916 738 3014 μονάδ.
760 2903 851 3031 γΘ-ξε,
880 2919 917 2996 ἐν
943 2915 1044 3024 λόγῳ
1070 2920 1150 2998 ἐστὶ
1175 2916 1352 3016 πλείονιή

261 3044 455 3149 διπλασίῳ.
516 3041 617 3146 Πρός
649 3045 686 3124 δέ
721 3055 849 3126 τοῦτον
882 3048 902 3125 ό
933 3046 1095 3149 ἀνωτέρω
1128 3046 1281 3150 ἀριθμός
1308 3045 1387 3129 ἀνόο

261 3170 402 3338 μυρῖιάδ.
427 3172 512 3298 Ιδ-νδ,
533 3185 698 3285 μονάδων
717 3176 807 3301 αρη,
827 3192 864 3267 ἐν
889 3189 991 3297 λόγῳ
1017 3190 1120 3273 ἔσται
1146 3191 1310 3274 ἐλάττονι
1332 3190 1352 3288 ἦ

259 3311 482 3418 ε’πιτετάρτφ.
544 3310 644 3415 Πρός
674 3314 711 3394 δὲ
742 3351 869 3396 τουτον
894 3321 915 3396 ό
941 3318 1106 3422 ἀνωτέρω
1133 3318 1334 3422 ἀριθμός
1309 3352 1353 3400 ων

258 3455 397 3560 μυριάδ.
434 3456 521 3569 γδκξ
554 3456 719 3555 μονάδων
752 3447 877 3572 εξε,
859 3495 896 3539 εν
927 3461 1076 3569 λόγιρ’
1058 3466 1136 3542 εστὶ
1167 3459 1349 3543 πλείονι
1333 3496 1353 3559 η

259 3600 390 3699 ἡμίσει.
435 3599 536 3704 Πρός
555 3600 591 3679 δε
609 3612 737 3683 τοῦτον
755 3607 775 3684 ό
793 3603 964 3685 ἀνωτάτω
982 3604 1178 3708 ἀριθμος
1148 3642 1201 3686 ων
1217 3604 1352 3711 μυριόδ

262 3740 353 3851 δλζ,
369 3740 497 3840 μονάδ.
513 3744 644 3857 βξε,
626 3780 664 3825 εν
681 3745 821 3854 λόγῳ
802 3782 882 3827 εστι
868 3746 1100 3847 ε’λάττονιῆ
1121 3752 1316 3857 διπλασίῳ
1362 3762 1390 3835 ⁶5

204 3901 245 3950 11
317 3867 430 3946 Οὗτοι
448 3867 492 3967 δὴ
511 3876 543 3949 οἱ
562 3872 679 3973 λόγοι,
701 3875 776 3954 ὅτε
794 3872 969 3973 πλείωνῆ
991 3872 1194 3973 ε’λάττωνῆ
1218 3876 1355 3975 ἥμισυς,

303 4139 351 4192 42.
367 4122 440 4181 Cod.
455 4126 628 4199 ἀποστέμιπα.
872 4134 920 4190 60.
937 4134 1009 4191 Cod.
1023 4141 1108 4191 τοῦτο.

303 4220 351 4277 50.
364 4203 441 4261 Fort.
452 4205 508 4283 leg.
518 4211 649 4283 λεγόμενοι
658 4213 703 4267 οὐκ
714 4215 788 4269 είσίν.
872 4215 920 4269 62¹.
936 4213 1008 4271 Cod.
1023 4217 1065 4273 ε’πὶ
1078 4214 1107 4271 δδ
1123 4218 1201 4289 (sic).

303 4283 349 4358 58.
372 4285 449 4344 Fort.
472 4289 530 4365 leg.
553 4296 653 4347 πλείονι
672 4292 688 4362 ἢ
710 4294 790 4348 ε’λάσ-
874 4294 922 4366 64.
940 4294 1012 4351 Cod.
1027 4296 1118 4373 τοίπφ.

262 4386 327 4422 σονι.
875 4375 924 4431 66.
940 4375 1012 4433 Cod.
1026 4379 1115 4434 πλείω.
