2782 4972
140 280 204 341 144
582 281 797 346 ORIGENlS
1188 283 1223 347 l‘.
1239 298 1285 345 20-

137 445 295 546 ἑλομενερ
329 438 364 517 δέ
396 437 521 536 μένειν.
582 436 834 537 Διατιμητικδς
870 436 907 515 δέ
943 437 1057 537 νόμος
1095 441 1193 519 έστὶν
1220 443 1237 517 ὁ

139 568 272 668 λέγων,
309 576 335 612 “
352 566 410 643 Οὐ
439 562 651 666 μοιχεύσεις,
686 568 727 643 οὐ
757 563 956 670 φονεύσεις,
989 567 1031 643 ού
1063 566 1235 671 alizia?

138 696 374 792 διατετίμηται
393 690 465 793 γὰρ
478 689 632 770 ἑκάστου
650 698 723 769 τῶν
741 688 968 790 ἀδικημάτων
987 690 1109 793 ζημια.
1136 689 1236 772 Ἔστι

138 820 174 899 δέ
192 823 311 903 αὐτοῖς
328 819 351 915 ἡ
369 825 473 896 πᾶσα
492 818 709 896 διδασκαλία
736 826 801 896 τοῦ
828 816 942 917 λύγου
970 815 1041 897 ὑπὸ
1071 825 1147 897 τῶν
1172 854 1234 897 πα·

138 952 251 1024 λαιῶν
283 941 478 1043 θεολόγων,
512 944 718 1039 Μουσαίου,
748 946 806 1023 καὶ
839 944 963 1040 Λίνου,
996 946 1057 1022 καὶ
1088 954 1155 1024 τοῦ
1180 944 1266 1029 stills

137 1071 281 1156 τελετὰς
333 1068 496 1168 μάλιστα
545 1072 603 1147 καὶ
648 1068 694 1148 τὰ
739 1069 921 1171 μυστήρια
966 1068 1234 1174 καταδείξαντος

138 1197 316 1304 Ὀρφέως.
358 1199 406 1275 Ὁ
425 1194 497 1298 γὰρ
518 1197 597 1298 περὶ
616 1200 679 1292 τῆς
697 1195 835 1300 μήτρας
853 1198 971 1274 αὐτῶν
990 1200 1049 1274 καὶ
1069 1204 1137 1275 τοῦ
1153 1196 1230 1298 Ὀρ-

139 1324 233 1430 φέως
250 1322 372 1424 λόγος,
387 1324 445 1401 καὶ
464 1320 632 1428 ὀμφαλὸς
651 1322 737 1424 ὅπερ
754 1325 854 1401 ἐστὶν
874 1323 1029 1424 ἀνδρεία,
1048 1323 1231 1425 διαρρήδην

139 1451 250 1532 οὕτως
280 1451 380 1527 ἐστὶν
409 1449 446 1525 ἐν
477 1453 552 1532 τοῖς
582 1454 767 1553 βακχικοῖς
798 1456 861 1527 τοῦ
889 1447 1075 1551 Ὀρφέως.
1137 1447 1229 1527 Τετέ·

140 1586 268 1654 λεσται
296 1571 333 1649 δέ
359 1582 472 1651 ταῦτα
500 1576 559 1652 καὶ
589 1572 824 1678 παραδέδοται
851 1572 1054 1674 ἀνθρώποις
1082 1571 1157 1677 πρὸ
1178 1578 1246 1671 τῆςῐ

141 1706 278 1779 Κελεοῦ
307 1704 365 1777 καὶ
393 1701 644 1803 Τριπτολέμου
666 1702 724 1778 καὶ
743 1698 937 1800 Δήμητρος
960 1704 1022 1777 καὶ
1042 1701 1167 1802 Κόρης
1182 1705 1229 1778 καί

140 1825 324 1907 Διονύσου
351 1829 387 1905 ε’ν
405 1828 590 1907 Ἐλευσῖνι
617 1830 773 1925 τελετῆς,
798 1828 835 1903 ε’ν
861 1831 1036 1905 Φλωῦντι
1062 1831 1130 1925 τῆς
1153 1828 1227 1905 Ἀτ-

138 1959 247 2054 τικῆς.
309 1952 390 2056 Πρὸ
423 1953 494 2055 γὰρ
520 1960 594 2032 τῶν
625 1954 858 2032 Ἐλευσινίων
887 1954 1114 2054 μυστηρίων,
1144 1954 1230 2033 ἔστιν

137 2085 174 2162 ἐν
214 2087 258 2187 τῇ
298 2088 469 2160 Φλιοῦντι
512 2079 688 2179 λεγομέιη
726 2078 985 2180 μεγαληγορία.
1050 2076 1168 2159 Ἐστι
1200 2077 1247 2160 δίε

138 2207 282 2293 παστὰς
313 2210 349 2285 ἐν
385 2209 488 2311 αὐτῇ,
522 2208 579 2284 ἐπὶ
612 2203 648 2281 δέ
680 2209 744 2304 τῆς
776 2200 963 2288 παστάδος
996 2205 1230 2308 ἐγγέγραπται

139 2333 241 2437 μέχρι
261 2331 419 2433 σήμερον
437 2333 460 2430 ἡ
477 2328 523 2410 τὰ
544 2336 617 2409 τῶν
640 2328 785 2410 πάντων
807 2336 880 2409 τῶν
899 2332 1094 2432 εἰρημένων
1120 2331 1231 2432 λόγων

138 2457 225 2535 ἰδέα.
277 2455 414 2535 Πολλὰ
431 2455 496 2556 μέν
515 2457 578 2535 οὖν
593 2458 671 2534 ε’στὶ
689 2455 735 2535 τὰ
752 2458 809 2536 ε’πὶ
826 2461 889 2555 τῆς
904 2455 1096 2543 παστάδος
1113 2461 1231 2556 ἐκείνης

138 2582 422 2685 ἐγγεγραμμένα,
443 2586 523 2685 περὶ
542 2579 592 2661 ὧν
611 2585 670 2661 καὶ
688 2581 928 2686 Πλούταρχος
944 2590 1095 2664 ποιεῖται
1109 2582 1231 2685 λύγους

138 2713 177 2789 έν
194 2716 272 2795 ταῖς
289 2706 380 2811 πρὸς
398 2709 647 2806 Ἐμπεδοκλέα
665 2711 749 2788 δέκα
765 2710 921 2802 βίβλοις.
975 2709 1093 2791 Ἐστι
1111 2712 1149 2792 δέ
1169 2719 1231 2795 τοῖς
1240 2751 1262 2790 ιο

138 2838 284 2917 πλείοσι
311 2841 369 2915 καὶ
390 2833 597 2938 πρεσβύτης
623 2870 677 2919 τις
703 2835 990 2937 ἐγγεγραρηιένος
1017 2837 1151 2923 πολιὸς
1176 2872 1228 2917 πε-

138 2963 273 3065 τρωτδς
295 2961 523 3060 ἐντεταμένην
550 2961 641 3065 έχων
668 2960 734 3059 τὴν
758 2961 946 3066 αι’σχύνην,
968 2971 1122 3063 γυναῖκα
1148 2967 1229 3044 ἀπο·

140 3087 351 3194 φεύγουσαν
370 3088 506 3166 διώκων
525 3092 694 3186 κυνοειδῆ.
744 3088 1028 3191 Ἐπιγεγραπται
1047 3089 1086 3168 δὲ
1102 3093 1159 3170 ἐπὶ
1176 3097 1231 3169 τοῦ

138 3213 359 3315 πρεσβύτου,
390 3211 484 3319 φάος
515 3213 672 3317 ῥυέντης·
711 3216 769 3293 ἐπὶ
799 3214 837 3294 δὲ
869 3219 932 3314 τῆς
961 3215 1145 3316 γυναικὸς,
1175 3249 1230 3295 πε·

139 3338 350 3445 ρεηφικόλα.
403 3337 526 3418 Ἔοικε
544 3337 580 3416 δέ
598 3336 684 3418 εἶναι
702 3340 793 3420 κατὰ
810 3341 874 3422 τὸν
894 3347 1071 3421 Σιθιανῶν
1089 3341 1200 3444 λόγον
1215 3344 1264 3429 ὁις

140 3464 234 3572 φοίος
272 3464 428 3569 ῥυέντης,
464 3463 507 3545 τὸ
549 3471 628 3571 φῶς
666 3466 707 3547 τὸ
748 3467 944 3547 σκοτεινόν·
994 3470 1092 3572 ὕδωρ
1156 3469 1179 3564 ⁸,
1213 3468 1233 3563 ἦ

46 3622 82 3683 51
102 3625 129 3667 v.
140 3590 288 3696 φικόλα·
331 3590 373 3671 τὸ
411 3589 447 3668 δέ
482 3594 519 3668 ἐν
553 3592 653 3698 μέσῳ
689 3592 825 3672 τούτων
859 3592 1054 3692 διάστημα,
1089 3596 1233 3698 ἁρμονία

180 3841 277 3906 3et5.
294 3830 366 3887 Cod.
381 3836 524 3904 φλοιοῦντι.
709 3835 765 3910 leg.
794 3838 914 3899 βιβλίοις.
966 3836 1021 3891 Pro
1049 3840 1117 3909 πρὸς
1147 3838 1232 3893 dicere

180 3911 219 3967 ib.
235 3912 290 3968 Pro
304 3915 477 3986 μεγαληγορία
491 3913 555 3970 fort.
570 3918 668 3986 μεγάλη
710 3915 830 3972 debebat
851 3917 895 3979 εἰς,
917 3915 992 3990 quod
1013 3916 1182 3992 intelligitur
1202 3934 1233 3972 ex

140 3993 222 4063 ἑορτή.
711 3995 850 4069 Lampriae
874 3996 1004 4071 catalogo
1023 3996 1149 4068 (fabric.
1163 3996 1232 4054 Bibl,

182 4073 209 4128 6.
226 4073 298 4130 cod.
315 4074 489 4144 ἐγκίγροπτοι.
712 4075 762 4131 Gr.
775 4084 797 4133 t.
808 4091 836 4148 5,
848 4095 876 4149 p.
886 4077 954 4146 160)
967 4076 1014 4149 qui
1031 4077 1118 4135 habet
1132 4079 1232 4145 εἷςἘν-

182 4166 210 4223 7.
225 4155 261 4206 Τὰ
275 4158 327 4205 τῶν
342 4151 534 4223 dittographia
550 4172 612 4210 esse
627 4155 666 4210 vi·
708 4157 833 4211 πεδοκλία
846 4160 905 4228 περὶ
918 4160 963 4227 τῆς
976 4157 994 4211 ε’
1003 4160 1096 4216 οὐσίας
1104 4160 1196 4224 βιβλία
1208 4160 1232 4210 ε’-

140 4230 243 4287 dentur
256 4230 384 4286 vocabuli
398 4232 508 4286 πάντων.
749 4237 787 4292 ib.
804 4237 966 4293 Fort.'E‹m
980 4237 1231 4297 δ’ἐιτοῖςπλείωιε

184 4328 229 4366 10.
244 4309 313 4366 cod.
335 4311 363 4363 ἐν
382 4313 444 4375 τοῖς,
464 4312 540 4384 quod
562 4315 667 4370 mutavi
708 4317 752 4372 vel
767 4317 861 4390 potius
874 4321 991 4374 πυλιῶσι
1003 4336 1056 4392 pro
1069 4322 1184 4375 πλείοσι.

140 4389 168 4444 in
179 4393 241 4446 ταῖς.
271 4388 301 4446 Si
317 4407 416 4446 sanum
431 4400 475 4448 est
489 4394 516 4447 έν
526 4397 588 4457 τοῖς,
602 4412 666 4449 mox
749 4397 785 4450 ib.
802 4397 871 4470 Leg.
887 4401 1024 4470 πτερωτὸς.
