2782 4972
97 295 162 356 οοο
544 282 761 348 οιιιοοιςιε
1154 278 1212 342 ιιι.
1224 292 1281 363 30·

98 447 283 547 πνεύματα
317 443 498 548 ὑπάρχειν.
564 448 614 523 Ol
646 441 684 520 δέ
714 439 849 525 πάντες
883 444 1027 540 ὁμοίως
1062 441 1241 543 Χριστὸνε

99 573 377 677 προσδέχονται,
397 578 462 649 τοῦ
479 566 544 667 μέν
566 565 677 666 νόμου
700 570 760 646 καὶ
783 575 860 646 τῶν
877 573 1097 673 προφητῶν
1113 600 1216 668 παρε-

101 697 256 797 σόμενον
274 692 590 798 προκηρυξάντων.
638 700 726 773 Τῶν
744 691 782 772 δέ
800 693 994 774 Ἰουδαίων
1012 693 1083 774 τδν
1101 694 1216 796 καιρὸν

101 829 165 923 τῆς
192 823 393 926 παρουσίας
420 819 470 918 μὴ
494 816 724 920 ἐπιγνόντων,
745 819 920 917 ἐπιμένειν
948 818 1019 918 τήν
1049 818 1215 900 ὑπόνοιαν

101 958 166 1027 τοῦ
191 953 304 1027 δοκεῖν
327 945 378 1047 μὴ
401 945 448 1026 τά
472 943 683 1054 εἰ[ρημε’να]
704 948 785 1047 περὶ
808 949 874 1043 τῆς
890 950 1106 1048 παρουσίας
1123 980 1211 1025 τετε·

103 1073 246 1170 λέσθαι,
266 1076 477 1176 προσδοκᾶν
495 1070 532 1147 δέ
553 1070 621 1168 ἤδη
639 1066 803 1171 Χριστόν
821 1068 1081 1171 παρεσόμενον
1100 1070 1159 1149 διά
1173 1070 1248 1150 τδιο

16 1231 54 1298 23
65 1234 94 1277 v.
103 1198 264 1302 παρόντα
288 1195 339 1296 μὴ
365 1198 608 1297 ἐπεγνωκέναι.
669 1196 742 1273 Καὶ
766 1191 813 1272 τά
838 1193 1023 1293 σύμβολα
1040 1203 1118 1275 τῶν
1139 1231 1209 1275 και-

102 1333 177 1429 ριῦν
204 1333 268 1404 τοῦ
294 1324 363 1422 ἤδη
388 1320 669 1425 παραγεγονέναι
696 1322 853 1421 ὁριῖντας
876 1318 1138 1422 ταράττεσθαι,
1157 1328 1207 1400 αι’-

104 1452 244 1531 δεῖσθαί
268 1484 306 1529 τε
329 1454 520 1550 ὁμολογεῖν
543 1447 765 1546 ἐληλυθέναι,
785 1449 859 1525 ἐπεὶ
880 1447 1089 1553 αὐτόχειρες
1106 1451 1208 1528 αὐτοῦ

102 1574 310 1676 γεγένηνται
342 1578 637 1675 ἀγανακτοῦντες,
667 1570 893 1676 ἐλεγχόμενοι
929 1575 1128 1655 ὑπἀὐτοῦ
1159 1577 1206 1655 ὅτι

103 1708 176 1786 τοῖς
202 1702 321 1800 νόμοις
344 1699 394 1801 μή
422 1700 644 1800 ὑπήκουσαν.
705 1702 777 1778 Καὶ
802 1696 867 1777 τὸν
890 1698 959 1796 μέν
982 1703 1098 1787 οὕτως
1121 1705 1203 1782 ἀπο·
1216 1732 1242 1791 15

104 1827 286 1907 σταλέντα
319 1826 388 1906 ὑπὸ
424 1836 490 1906 τοῦ
524 1832 633 1922 θεοῦ,
666 1821 831 1927 Χριστὸν
863 1826 929 1903 οῦκ
963 1821 1053 1904 εἶναι
1086 1835 1206 1906 τοῦτον

104 1953 288 2054 λέγουσιν·
321 1952 532 2033 ἐλεύσεσθαι
558 1951 595 2029 δέ
620 1953 747 2054 ἕτερον,
765 1951 829 2030 τὸν
852 1953 917 2029 οῦκ
939 1953 1041 2049 ὄντα,
1059 1959 1110 2038 είς
1127 1955 1207 2034 ὄντα

104 2077 169 2178 μέν
195 2080 370 2178 σύμβολα
394 2081 432 2157 ἐκ
456 2078 599 2180 μέρους,
621 2078 693 2158 ὅσα
717 2080 737 2157 ὁ
762 2075 870 2175 νόμος
887 2081 947 2156 καὶ
971 2083 1007 2156 οἱ
1028 2084 1206 2186 προφῖγται

106 2206 329 2310 προέφηναν,
353 2209 589 2305 ὁμολογοῦσι,
609 2202 689 2282 τινά
713 2201 750 2282 δέ
776 2206 834 2281 καὶ
854 2204 1090 2302 πλανώμενοι
1111 2208 1205 2302 νομί·

107 2327 219 2429 ζουσι.
282 2329 430 2408 Γένεσιν
456 2328 521 2427 μέν
548 2328 620 2433 γὰρ
644 2332 752 2408 αὐτοῦ
778 2328 952 2427 ἐσομένην
977 2330 1152 2430 λέγουσιν
1173 2332 1243 2408 ἐκιο

105 2453 230 2553 γένους
256 2456 390 2550 Δαβὶδ,
412 2456 498 2532 ἀλλ’
519 2457 581 2534 οῦκ
606 2456 644 2532 ἐκ
668 2456 845 2557 παρθένου
869 2457 930 2532 καὶ
956 2457 1065 2555 ἁγίου
1093 2455 1203 2536 Πνεύ·

105 2613 232 2676 ματος,
268 2578 354 2658 ἀλλ’
387 2582 424 2658 ἐκ
456 2577 622 2679 γυναικὸς
654 2583 712 2659 καὶ
743 2577 872 2682 ἀνδρὸς
899 2584 949 2664 ὡς
980 2589 1099 2661 πᾶσιν
1129 2584 1206 2685 ὅρος

106 2713 301 2806 γεννᾶσθαι
333 2708 371 2784 ἐκ
399 2705 618 2808 σπέρματος,
649 2703 851 2812 φάσκοντες
876 2716 1009 2786 τοῦτον
1041 2708 1205 2807 ἐσόμενον

106 2833 264 2928 βασιλέα
288 2834 340 2912 ἐπ’
359 2830 499 2927 αύτούς,
519 2833 633 2937 ἀνδρα
656 2829 881 2929 πολεμιστήν
898 2834 959 2911 καὶ
983 2835 1149 2932 δυνατὸν,
1168 2835 1205 2918 ῦς

106 2955 326 3060 ἐπισυνάξας
358 2957 399 3036 τὸ
431 2963 505 3036 πᾶν
541 2957 640 3042 ἔθνος
668 2957 861 3054 Ἰουδαίων,
892 2956 1013 3037 πάντα
1046 2959 1092 3038 τά
1127 2960 1202 3057 ἔθνη
1212 2988 1238 3048 25

105 3082 333 3182 πολεμήσας,
364 3081 561 3180 ἀναστήσει
592 3085 710 3168 αὐτοῖς
737 3080 804 3181 τήν
829 3083 1074 3185 Ἰερουσαλήμ
1100 3083 1203 3164 πόλιν

105 3210 296 3305 βασιλίδα,
316 3214 364 3292 εῖς
389 3207 433 3306 ἣν
456 3206 661 3310 ἐπισυνάξει
688 3206 785 3289 ἀπαν
809 3207 851 3289 τδ
875 3208 987 3307 έθυος,
1009 3215 1070 3289 καὶ
1095 3210 1202 3288 πόλιν

105 3335 162 3413 ἐπὶ
180 3332 226 3412 τά
244 3336 374 3438 ἀρχαῖα
398 3331 460 3430 έθη
479 3334 783 3432 ἀποκαταστήσει,
803 3342 1002 3427 βασιλεῦον
1027 3340 1087 3415 καὶ
1111 3341 1198 3439 ῖερα·

7 3513 20 3529 .
105 3467 206 3538 τεῦον
235 3463 292 3536 καὶ
320 3466 507 3536 κατοικοῦν
533 3459 571 3535 ἐν
597 3459 804 3559 πεποιθήσει
832 3461 869 3537 ἐν
892 3460 1036 3564 χρόνοις
1061 3467 1197 3545 ἱκανοῖς·

104 3581 221 3660 ἔπειτα
249 3586 492 3679 ἐπαναστῆναι
518 3583 593 3660 κατ’
614 3585 731 3662 αὐτῶν
760 3582 920 3680 πόλεμον
950 3584 1237 3689 ἐπισυναχθέν-3ο

104 3735 189 3785 των·
217 3708 254 3784 ἐν
278 3709 394 3812 ἐκείνῳ
419 3712 471 3812 τῷ
495 3707 645 3814 πολέμῳ
662 3715 783 3788 πεσεῖν
804 3705 867 3787 τὸν
886 3707 1053 3809 Χριστὸν
1074 3711 1112 3788 ἐν
1133 3743 1198 3809 μα·

104 3831 222 3935 χαίρῃ,
236 3831 353 3911 ἔπειτα
367 3833 439 3929 μετ’
453 3834 494 3910 ού
511 3830 609 3912 πολῦ
623 3831 689 3932 τήν
703 3830 914 3913 συντέλειαν
928 3837 989 3911 καὶ
1004 3835 1200 3937 ἐκπύρωσιν

104 3963 168 4032 τοῦ
185 3955 320 4039 παντὸς
337 3957 534 4054 ἐπιστῆναι,
550 3962 608 4037 καὶ
627 3962 738 4044 οὕτως
756 3958 802 4037 τά
818 3961 899 4060 περὶ
917 3957 985 4057 τήν
1003 3959 1201 4041 ἀνάστασιν

145 4166 173 4221 9.
189 4146 310 4221 Syllabae
324 4148 417 4218 ρημένα
432 4149 541 4207 ablatae.
715 4154 751 4209 ib.
768 4153 841 4209 Cod.
857 4155 909 4208 ἐπί.

150 4244 191 4299 13.
208 4226 376 4300 Scripuimus
387 4229 542 4294 ἐληλυθέναι.
572 4230 629 4288 Ini-
719 4253 762 4305 19.
779 4233 851 4289 cod.
866 4237 1044 4305 πλανώμενον.

103 4306 144 4359 tio
165 4306 273 4363 lacunae
295 4309 316 4369 ἐ,
332 4307 359 4361 in
380 4306 436 4362 fine
454 4332 488 4369 οι,
504 4322 532 4367 et
547 4313 631 4384 paulo
716 4331 730 4368 2
735 4330 764 4383 3.
780 4314 851 4370 Cod.
867 4315 1001 4386 γενᾶσθαι.

102 4394 168 4440 ante
182 4399 315 4444 accentus
329 4387 510 4461 conspicitur.
