2782 4972
248 312 312 373 124
690 314 903 379 ORIGENIS
1298 312 1377 377 V.12

246 478 420 573 τμηθῆναι
456 471 568 571 τομάς
604 472 789 571 δυναμένη.
854 474 905 551 Ἡ
940 470 977 550 δέ
1007 471 1135 575 πρώτη
1170 469 1266 570 τομὴ
1296 473 1346 549 καὶ

247 598 517 702 προσεχεστέρα
553 599 628 677 κατ’
658 595 785 682 αῦτοῦς
821 600 899 677 ἐστὶ
935 596 1059 700 Τριάς,
1097 600 1160 676 καὶ
1197 604 1345 676 καλεῖται

248 720 385 822 ἀγαθὸν
410 721 557 818 τέλειον,
582 720 729 822 με’γεθος
753 720 938 825 πατρικόν·
968 720 1011 802 τὸ
1035 720 1074 799 δέ
1099 722 1268 825 δεύτερον
1291 726 1346 819 τῆς

155 877 192 939 4¹
214 882 238 921 r.
248 845 402 949 Τριάδος
419 850 536 926 αῦτῶν
554 847 659 949 με’ρος
678 852 782 927 οἱονεὶ
800 846 981 946 δυνάμεων
994 846 1142 951 ἀπειρόν
1160 884 1198 927 τι
1216 853 1347 945 πλῆθος

248 970 292 1075 ἐξ
308 975 424 1052 αὐτῶν
442 972 686 1073 γεγενημένον·
717 971 759 1053 τό
776 974 907 1076 τρίτον,
926 972 1047 1053 ῖδικόν.
1112 977 1189 1053 Καὶ
1214 975 1291 1055 ἐστι
1309 972 1379 1064 τῦις

248 1098 312 1197 μέν
338 1105 482 1201 πρῶτον
510 1098 713 1197 ἀγέννητον,
733 1099 820 1202 ὅπερ
845 1104 945 1180 ἐστὶν
972 1097 1124 1200 ἀγαθόν·
1156 1098 1202 1180 τὸ
1222 1098 1259 1178 δέ
1277 1100 1344 1179 δεό-

248 1258 365 1327 τερον,
399 1221 537 1324 ἀγαθόν
567 1223 762 1323 αι’ντογενές·
803 1222 845 1306 τὸ
874 1225 1008 1326 τρίτον,
1039 1223 1231 1323 γεννητόν·
1276 1225 1346 1304 ’όθεν

250 1348 440 1452 διαρρήδην
458 1348 607 1448 λέγουσι
625 1355 717 1451 τρεῖς
734 1346 848 1446 θεοὺς,
869 1356 961 1452 τρεῖς
979 1348 1128 1449 λόγους,
1144 1357 1242 1453 τρεῖς
1261 1359 1344 1445 νοῦς,

248 1481 340 1576 τρεῖς
357 1474 576 1576 ἀνθρώπους.
635 1473 806 1582 Ἑκιῖστερ
823 1474 895 1578 γὰρ
917 1474 1013 1577 με’ρει
1037 1484 1103 1553 τοῦ
1130 1474 1275 1575 κόσμου
1290 1481 1347 1575 τῆς

249 1599 448 1702 διαιρέσεως
471 1601 727 1704 διακεκριμέιης
746 1600 886 1683 διδόασι
904 1606 962 1680 καὶ
980 1598 1095 1698 θεοὺς,
1117 1605 1179 1680 καὶ
1205 1601 1343 1704 λόγους,
1352 1634 1380 1688 30

249 1730 307 1806 καὶ
338 1735 432 1824 νοῦς,
463 1732 520 1806 καὶ
549 1727 770 1830 ἀνθρώπους,
800 1732 857 1807 καὶ
885 1726 930 1807 τά
957 1724 1081 1805 λοιπά.
1122 1725 1346 1809 Ἀνωθενδὲ

249 1851 320 1933 ἀπὸ
348 1856 412 1951 τῆς
446 1854 659 1953 ἀγεννησίας
692 1857 749 1931 καὶ
781 1851 853 1956 πρὸ
883 1857 948 1952 τῆς
979 1861 1043 1932 τοῦ
1070 1850 1218 1951 κόσμου
1245 1858 1346 1953 τομῆς

250 1976 509 2076 καθεστηκότος
528 1975 657 2057 λοιπόν
675 1986 739 2057 τοῦ
757 1976 896 2076 κόσμου
913 1979 969 2056 ἐπὶ
983 1978 1186 2083 συντελείᾳ,
1201 1990 1344 2077 κατελη-

250 2104 393 2183 λυθέναι
421 2105 461 2182 δι’
485 2104 597 2187 αἰτίας
620 2101 663 2187 ἀς
688 2105 837 2206 ὕστερον
863 2106 1017 2206 ἐροῦμεν,
1034 2104 1072 2180 ἐν
1089 2109 1167 2187 τοῖς
1184 2104 1347 2207 Ἡρώδου

249 2228 390 2333 χρόνοις
426 2234 557 2335 τριφυῆ
595 2230 686 2326 τινὰ,
720 2233 778 2308 καὶ
810 2232 1006 2332 τρίσωμον,
1041 2231 1100 2306 καὶ
1138 2230 1380 2332 τριδάναμον35

250 2354 439 2455 ἄνθρωπον
465 2354 686 2453 καλούμενον
709 2354 887 2457 Χριστὸν,
908 2352 981 2435 ἀπό
1002 2360 1076 2433 τῶν
1096 2361 1212 2457 τριῶν
1229 2356 1348 2462 ἔχοντα

250 2488 313 2558 τοῦ
332 2477 473 2575 κόσμου
490 2487 607 2582 μερῶν
629 2485 666 2560 ἐν
689 2483 801 2588 ἐαυτῷ
826 2479 943 2561 πάντα
966 2479 1012 2560 τά
1037 2483 1272 2585 συγκρίματα
1298 2484 1348 2561 καὶ

250 2603 314 2688 τάς
342 2602 514 2702 δυνάμεις.
577 2611 648 2686 Καὶ
677 2616 782 2688 τοῦτο
815 2603 911 2703 εἶναι,
944 2610 1048 2713 φησὶ,
1080 2605 1123 2686 τὸ
1159 2607 1349 2708 λεγόμενον

254 2744 280 2780 “
297 2738 379 2812 Πᾶν
397 2729 439 2813 τό
458 2731 639 2835 πλήρωμα
663 2733 832 2832 εὐδόκησε
859 2737 1070 2831 κατοικῆσαι
1094 2735 1135 2811 ἐν
1160 2735 1261 2841 αὐτῷ
1279 2770 1346 2814 σω·

251 2866 418 2959 ματικῶς,
439 2863 496 2937 καὶ
523 2856 628 2938 πάσά
655 2862 754 2938 ἐστιν
782 2861 820 2936 ἐν
841 2860 937 2964 αὐτῷ
961 2859 984 2956 ἡ
1010 2855 1155 2958 θεότης”
1174 2864 1242 2958 τῆς
1265 2862 1384 2939 οὗτοιο

252 2984 459 3087 διῃρημένης
489 2981 655 3086 Τριάδος.
724 2983 983 3088 Κατενηνέχθαι
1020 2980 1091 3085 γάρ
1128 2991 1250 3091 φησιν
1284 2982 1349 3065 ἀπὸ

252 3116 325 3187 τοῖν
353 3108 603 3211 ὑπερκειμένων
631 3106 779 3207 κόσμων
806 3108 884 3205 δύο,
914 3118 978 3188 τοῦ
1005 3142 1043 3188 τε
1071 3110 1271 3210 ἀγεννήτου
1298 3113 1349 3188 καὶ

252 3242 316 3313 τοῦ
348 3238 570 3335 αι’ντογενοῦς,
606 3240 653 3318 εἰς
685 3244 812 3314 τοῦτον
844 3232 908 3314 τόν
940 3232 1093 3333 κόσμον,
1123 3237 1162 3313 ἐν
1190 3232 1221 3343 ᾦ
1248 3234 1349 3333 ἐσμέν

251 3360 360 3457 ἡμεῖς,
381 3362 558 3439 παντοίων
586 3358 766 3458 δυνάμεων
791 3360 994 3463 σπέρματα.
1054 3362 1121 3445 Τίς
1149 3361 1193 3439 δέ
1208 3363 1309 3441 ἐστιν
1333 3363 1349 3439 ό

251 3481 383 3583 τρόπος
400 3488 464 3582 τῆς
481 3483 714 3578 καταβάσεως
733 3487 858 3582 αὐτῶν,
879 3487 1030 3589 ὕστερον
1054 3488 1212 3588 ἐροῦμεν.
1276 3492 1347 3565 Κα·
1355 3514 1383 3577 45

252 3610 481 3708 τεληλυθέναι
514 3613 576 3690 οὖν
609 3615 703 3719 φησὶ
735 3610 799 3691 τόν
828 3611 994 3714 Χριστόν
1023 3615 1158 3693 ἀνωθεν
1188 3613 1262 3693 ἀπό
1292 3616 1350 3709 τῆς

253 3739 478 3837 ἀγεννησίας,
498 3738 557 3815 ἵνα
575 3738 633 3816 διά
650 3742 714 3837 τῆς
733 3737 968 3833 καταβάσεως
986 3744 1094 3820 αι’ττοῦ
1112 3738 1234 3821 πάντα
1252 3742 1350 3843 σωθῇ

253 3859 298 3940 τά
315 3865 419 3964 τριχῆ
439 3863 639 3965 διῃρημένα.
699 3863 757 3943 Τά
774 3862 838 3961 μέν
855 3863 937 3966 γάρ,
956 3870 1083 3970 φησὶν,
1097 3866 1234 3945 ἀνωθεν
1252 3898 1348 3944 κατε·

255 3983 448 4083 νηνεγμένα
475 3983 570 4064 κάτω
599 3990 824 4070 ἀνελεύσεται
852 3991 893 4068 δι’
915 3993 1036 4070 αὑτοῦ·
1071 3990 1117 4070 τά
1145 3989 1182 4069 δέ
1207 3994 1347 4085 ἐπιβου·

294 4270 344 4323 30.
361 4251 433 4309 eod.
449 4252 666 4325 διακεκρυρρένης.
711 4257 780 4332 Leg.
865 4278 912 4329 42.
928 4260 999 4316 cod.
1014 4261 1144 4333 ἀγενὴτου.

254 4334 453 4406 διακεκρηιίνυυς
466 4332 525 4389 sive
539 4334 736 4407 διακεκριμένως.
864 4354 913 4411 47.
931 4340 1001 4396 eod.
1017 4341 1160 4412 ἀγενησῖος.

296 4431 344 4487 39.
360 4413 392 4470 S.
403 4413 479 4469 Paul.
494 4414 530 4470 ad
545 4413 656 4471 Colone.
671 4416 709 4479 11,
721 4434 751 4492 9.
