2782 4972
186 256 252 317 320
636 247 854 312 ORIGENIS
1277 246 1319 308 X.
1333 262 1385 326 ¹3·

189 409 294 513 ζωὴν,
324 410 515 510 ἄνθρωπον
546 409 604 485 καὶ
631 409 840 505 ἐκκλησίαν,
873 409 933 485 καὶ
964 402 1061 484 εἶναι
1091 407 1239 505 ταύτην
1265 403 1325 501 τὴν

190 535 347 640 όγδοάδα
375 532 708 636 πρωτογενέτειραν·
740 529 805 615 τάς
831 565 869 611 τε
899 531 982 617 ε’νδς
1010 542 1081 612 τοῦ
1114 533 1209 635 ὅρου
1237 567 1322 633 προ·

191 662 309 761 βολὰς
327 659 560 762 γεγενημένας
578 656 691 737 πάλιν
712 663 903 737 καλείσθω
924 657 1034 743 ε’ντδς
1051 658 1320 761 πληρώματος,
1330 682 1359 736 62

193 789 335 891 δεότερα
354 785 389 864 δὲ
407 786 452 864 τὰ
470 781 570 868 ε’κτός
587 784 842 886 πληρώματος,
858 786 917 862 καὶ
935 787 1047 888 τρίτα
1064 784 1117 864 τὰ
1137 783 1244 869 ἐκτός
1260 794 1321 863 τοῦ

195 918 280 1018 όρου
297 912 348 993 ὧν
367 914 389 1011 ἡ
408 912 574 1013 γέννησις
593 909 635 991 τό
655 911 839 1013 ὑστέρημα
857 909 1026 1016 ὑπάρχει.
1074 909 1138 992 Τό
1159 912 1200 990 δὲ
1220 914 1320 991 ἕκτον

194 1045 231 1120 ἐν
250 1038 465 1141 ὑστερήματι
486 1036 755 1139 προβληθέντος
773 1042 902 1121 αἰῶνος
923 1037 1120 1137 γεγονέναι
1148 1040 1211 1115 καὶ
1235 1046 1316 1117 τοῦ·

195 1202 259 1246 τον
277 1162 364 1243 εἶναι
383 1160 599 1266 δημιουργὸν
612 1161 718 1263 λέγει,
731 1160 781 1261 μὴ
795 1161 1024 1262 βουλόμενος
1038 1161 1159 1243 αὑτὸν
1174 1171 1316 1266 πρῶτον

195 1292 282 1372 εἶναι
307 1290 400 1386 θεὸν,
421 1288 523 1368 ἀλλὰ
546 1287 740 1395 δύσφημόν
757 1324 794 1369 τε
820 1287 928 1369 αι’πδν
956 1292 1020 1367 καὶ
1047 1288 1098 1369 τά
1127 1291 1190 1369 ὑπ’
1208 1293 1351 1386 αὑτοῦο,

197 1416 423 1520 γεγενημένα,
444 1413 508 1495 τὸν
533 1414 569 1493 δὲ
597 1413 762 1518 Χριστόν
786 1417 823 1492 ἐκ
845 1423 909 1494 τοῦ
934 1412 1039 1499 ε’ντδς
1061 1416 1312 1518 πληρώματος

197 1542 476 1639 κατεληλυθέναι
500 1543 557 1619 ἐπὶ
580 1543 743 1645 σωτηρίᾳ
766 1548 829 1618 τοῦ
855 1542 1191 1640 ἀποττλανηθέντος
1207 1542 1308 1621 πνεό-

196 1701 321 1766 ματος,
342 1665 362 1745 δ
390 1672 545 1744 κατοικεῖ
568 1667 604 1744 ε’ν
633 1670 684 1770 τῷ
709 1665 782 1744 έσω
809 1666 910 1763 ἡμῶν
939 1665 1142 1773 ἀνθρώπῳ,
1165 1667 1209 1747 δν
1235 1702 1305 1746 σω·

199 1790 343 1892 ζόμενον
365 1796 460 1897 φασὶ
487 1790 615 1870 τοότου
642 1789 747 1894 χάριν
774 1799 838 1870 τοῦ
865 1792 1102 1875 ἐνοικοῦντος.
1168 1790 1308 1890 Τὴνδὲ

198 1916 320 2020 σάρκα
337 1915 387 2017 μὴ
407 1914 586 2016 σώζεσθαι
605 1913 710 2011 θέλει,
725 1914 931 2017 δερμάτινον
949 1923 1088 2019 χιτῶνα
1109 1921 1306 1997 ἀποκαλῶν
1316 1947 1344 2001 ῑο

198 2049 257 2123 καὶ
275 2044 465 2146 ἅνθροπτον
483 2043 725 2147 φθειρόμενον.
775 2048 899 2121 Ταῦτα
919 2043 956 2119 ε’ν
976 2043 1133 2146 ἐπιτομῇ
1153 2042 1305 2146 ἐξεῖπον,

198 2173 343 2266 πολλῆς
358 2172 447 2266 ὕλης
458 2168 532 2246 κατ’
539 2166 666 2252 αὐτοὺς
678 2166 927 2272 τυγχανούσης
941 2168 999 2244 καὶ
1014 2166 1208 2273 διαφόρων
1218 2203 1307 2267 γνω-

197 2300 287 2391 μῶν.
349 2296 477 2376 Οὖτως
497 2294 559 2371 οὖν
579 2298 674 2372 δοκεῖ
688 2297 808 2398 καὶτῇ
829 2294 1074 2372 Οὐαλεντίνου
1091 2298 1237 2398 σχολῇ.

142 2441 190 2511 14
255 2420 471 2516 Βασιλείδης
497 2419 534 2497 δὲ
559 2422 617 2498 καὶ
642 2419 749 2505 αὐτὸς
766 2420 863 2520 λέγει
889 2414 975 2498 εἶναι
1000 2418 1084 2498 θεὸν
1109 2422 1180 2498 οὐκ
1204 2420 1301 2514 ὄντα,

197 2543 435 2642 πεποιημένον
463 2544 604 2644 κόσμον
630 2543 674 2647 ἐξ
701 2549 763 2626 οὐκ
792 2546 916 2641 ὄντων,
941 2546 1004 2623 οὐκ
1032 2545 1122 2624 ὅντα
1147 2549 1214 2624 οὐκ
1242 2544 1343 2641 ών,75

202 2668 523 2768 καταβαλλόμενόν
563 2707 598 2751 τι
638 2673 783 2774 σπέρμα
826 2673 912 2751 ὡσεὶ
953 2668 1083 2749 κόκκον
1124 2669 1303 2753 σινάπεως

199 2797 327 2901 έχοντα
352 2799 389 2873 ἐν
410 2798 522 2902 ἑαυτῷ
546 2795 588 2876 τὸ
612 2797 780 2900 πρέμνον,
801 2795 847 2877 τὰ
865 2796 1007 2902 φύλλα,
1027 2794 1114 2881 τοὺς
1131 2796 1300 2893 κλάδους,

198 2922 262 3001 τὸν
291 2921 441 3025 καρπὸν,
472 2921 494 3020 ἦ
523 2926 570 3007 ὡς
601 2922 671 3001 ὠὸν
700 2933 788 3003 ταοῦ
816 2923 898 3026 ἕχον
927 2924 964 2999 ἐν
992 2923 1107 3027 ἑαυτῷ
1133 2922 1205 3021 τὴν
1235 2931 1303 3003 τῶν

197 3046 398 3150 χρωμάτων
425 3050 592 3146 ποικίλην
618 3046 777 3147 πληθὺν,
803 3051 861 3126 καὶ
887 3056 993 3126 τοῦτο
1020 3042 1109 3125 εἶναι
1136 3054 1236 3154 φασὶ
1263 3050 1302 3128 τὸ

198 3181 263 3251 τοῦ
289 3173 429 3273 κόσμου
455 3173 600 3275 σπέρμα
624 3172 667 3277 ἐξ
691 3175 732 3253 οὗ
756 3174 801 3253 τά
825 3172 943 3253 πάντα
963 3172 1123 3273 γέγονεν.
1178 3173 1344 3280 Ἔχεινὸο

200 3297 325 3400 γὰρέν
344 3301 455 3405 ἑαυτῷ
474 3299 519 3378 τὰ
537 3298 656 3379 πάντα
676 3300 738 3379 τὸν
758 3303 821 3378 οὐκ
840 3299 927 3379 όντα
946 3296 1014 3377 ὑπὸ
1032 3307 1099 3377 τοῦ
1118 3302 1183 3379 οὐκ
1201 3302 1301 3386 ὄντος

197 3431 280 3503 θεοῦ
310 3428 487 3526 γενέσθαι.
550 3425 895 3528 Προβεβουλευμένη
926 3421 971 3521 ἧν
1000 3425 1077 3520 οὖν,
1106 3428 1237 3530 φασὶν,
1266 3430 1301 3506 ἐν

198 3553 295 3655 αὐτῷ
320 3557 371 3656 τῷ
400 3551 578 3653 σπέρματι
605 3549 720 3650 υίότης
745 3548 922 3653 τριμερὴς,
951 3548 1215 3631 κατὰπάντων
1240 3556 1302 3632 οὐκ

198 3675 273 3754 ὄντι
292 3679 360 3781 θεῷ
379 3677 584 3775 όμοοόσιος,
601 3674 751 3778 γεννητὴ
771 3674 815 3778 ἐξ
833 3679 895 3754 οὐκ
915 3676 1040 3755 όντων.
1078 3676 1227 3776 Ταύτης
1240 3683 1302 3777 της

241 3852 288 3906 60.
304 3853 382 3907 Fort.
396 3857 428 3907 τὰ
442 3855 512 3910 ε’ντδς
525 3859 572 3910 πλ.
813 3853 858 3927 76.
875 3853 949 3910 Cod.
964 3855 1108 3911 συνόπεως.

239 3932 288 3987 61.
304 3932 375 3988 Cod.
391 3935 449 4003 τρία
462 3936 501 3989 τό.
812 3933 858 4007 78.
874 3933 944 3988 Cod.
962 3935 1055 4004 ἔχοντα
1068 3935 1104 3990 ἓν.

240 4011 289 4066 62.
305 4012 376 4065 cod.
392 4013 472 4066 ἕκτου.
812 4029 858 4088 79.
875 4013 953 4068 Fort.
968 4015 1047 4084 φησί.

240 4088 290 4159 64,
307 4090 386 4145 Prius
400 4100 461 4147 erat
473 4095 640 4162 βουλόμενον.
812 4095 857 4148 82.
874 4093 946 4148 Cod.
958 4095 1214 4164 προβεβουλευμένο.

241 4169 289 4225 68.
305 4170 375 4225 Cod.
391 4176 493 4240 κατομεῖ
506 4173 541 4226 ε’ν.
811 4174 848 4229 ib.
865 4173 944 4229 Fort.
959 4175 1051 4244 φησίν.

243 4261 288 4319 74.
317 4249 427 4305 Titulus
459 4250 616 4308 rubricatus
647 4263 727 4308 Βοσι-
812 4255 859 4326 83.
875 4253 948 4309 cod.
964 4256 1054 4327 ἑαυτῷ.

197 4325 292 4394 λείδης.
810 4334 848 4389 ib.
865 4334 942 4389 Fort·
958 4334 1020 4387 κατὰ
1033 4334 1125 4390 πάντα.
1174 4334 1182 4351 ’
