<?xml version="1.0" encoding="UTF-8"?>
<!DOCTYPE html PUBLIC "-//W3C//DTD XHTML 1.0 Transitional//EN"
    "http://www.w3.org/TR/xhtml1/DTD/xhtml1-transitional.dtd">
<html xmlns="http://www.w3.org/1999/xhtml" xml:lang="en" lang="en">
 <head>
  <title>
</title>
<meta http-equiv="Content-Type" content="text/html;charset=utf-8" />
  <meta name='ocr-system' content='tesseract 3.04.00' />
  <meta name='ocr-capabilities' content='ocr_page ocr_carea ocr_par ocr_line ocrx_word'/>
</head>
<body>
  <div class='ocr_page' id='page_1' title='image "./origenisphiloso00origgoog_0249.png"; bbox 0 0 2782 4972; ppageno 0'>
   <div class='ocr_carea' id='block_1_1' title="bbox 237 314 897 382">
    <p class='ocr_par' dir='ltr' id='par_1_1' title="bbox 237 314 897 382">
     <span class='ocr_line' id='line_1_1' title="bbox 237 314 897 382; baseline 0 -1"><span class='ocrx_word' id='word_1_1' title='bbox 237 319 302 381; x_wconf 76' lang='lat'>230</span> <span class='ocrx_word' id='word_1_2' title='bbox 679 314 897 382; x_wconf 82' lang='lat' dir='ltr'><strong>ORIGENIS</strong></span> 
     </span>
    </p>
   </div>
   <div class='ocr_carea' id='block_1_2' title="bbox 149 476 1381 4000">
    <p class='ocr_par' dir='ltr' id='par_1_2' title="bbox 237 476 1381 713">
     <span class='ocr_line' id='line_1_2' title="bbox 237 476 1381 579; baseline -0.003 -18"><span class='ocrx_word' id='word_1_3' title='bbox 237 478 466 561; x_wconf 80' lang='grc' dir='ltr'>ἐπιδεικνύναι</span> <span class='ocrx_word' id='word_1_4' title='bbox 484 481 604 564; x_wconf 71' lang='grc' dir='ltr'>αὐτοῖς</span> <span class='ocrx_word' id='word_1_5' title='bbox 622 478 750 560; x_wconf 81' lang='grc' dir='ltr'>τούτου</span> <span class='ocrx_word' id='word_1_6' title='bbox 768 486 958 579; x_wconf 76' lang='grc' dir='ltr'>μαθηταῖς,</span> <span class='ocrx_word' id='word_1_7' title='bbox 980 479 1039 560; x_wconf 78' lang='grc' dir='ltr'>ὅτι</span> <span class='ocrx_word' id='word_1_8' title='bbox 1063 476 1230 564; x_wconf 80' lang='grc' dir='ltr'>ἐθνικοῖις</span> <span class='ocrx_word' id='word_1_9' title='bbox 1253 478 1381 561; x_wconf 70' lang='grc' dir='ltr'>ὅνταςεο</span> 
     </span>
     <span class='ocr_line' id='line_1_3' title="bbox 238 603 892 713; baseline 0.002 -29"><span class='ocrx_word' id='word_1_10' title='bbox 238 603 367 690; x_wconf 79' lang='grc' dir='ltr'>αὐτοὺς</span> <span class='ocrx_word' id='word_1_11' title='bbox 384 605 548 708; x_wconf 81' lang='grc' dir='ltr'>Χριστὸς</span> <span class='ocrx_word' id='word_1_12' title='bbox 566 606 668 685; x_wconf 72' lang='grc' dir='ltr'>οὐδὲν</span> <span class='ocrx_word' id='word_1_13' title='bbox 685 605 892 713; x_wconf 80' lang='grc' dir='ltr'>ὦφελήσει;</span> 
     </span>
    </p>

    <p class='ocr_par' dir='ltr' id='par_1_3' title="bbox 177 732 1374 2865">
     <span class='ocr_line' id='line_1_4' title="bbox 177 732 1347 836; baseline 0 -20"><span class='ocrx_word' id='word_1_14' title='bbox 177 758 229 816; x_wconf 83' lang='lat'>20</span> <span class='ocrx_word' id='word_1_15' title='bbox 295 733 511 831; x_wconf 80' lang='grc' dir='ltr'>Βασιλείδης</span> <span class='ocrx_word' id='word_1_16' title='bbox 531 733 650 812; x_wconf 82' lang='grc' dir='ltr'>τοίνυν</span> <span class='ocrx_word' id='word_1_17' title='bbox 678 734 737 811; x_wconf 76' lang='grc' dir='ltr'>καὶ</span> <span class='ocrx_word' id='word_1_18' title='bbox 757 732 956 836; x_wconf 88' lang='grc' dir='ltr'>Ἰσίδωρος,</span> <span class='ocrx_word' id='word_1_19' title='bbox 978 735 999 812; x_wconf 81' lang='grc' dir='ltr'>ὁ</span> <span class='ocrx_word' id='word_1_20' title='bbox 1020 734 1249 812; x_wconf 72' lang='grc' dir='ltr'>Βωιλείδου</span> <span class='ocrx_word' id='word_1_21' title='bbox 1272 739 1347 816; x_wconf 85' lang='grc' dir='ltr'>παῖς</span> 
     </span>
     <span class='ocr_line' id='line_1_5' title="bbox 239 858 1345 966; baseline 0.005 -27"><span class='ocrx_word' id='word_1_22' title='bbox 239 858 390 959; x_wconf 83' lang='grc' dir='ltr'>γνήσιος</span> <span class='ocrx_word' id='word_1_23' title='bbox 407 861 467 938; x_wconf 74' lang='grc' dir='ltr'>καὶ</span> <span class='ocrx_word' id='word_1_24' title='bbox 487 858 661 959; x_wconf 65' lang='grc' dir='ltr'>μαθητὴς,</span> <span class='ocrx_word' id='word_1_25' title='bbox 677 864 807 966; x_wconf 85' lang='grc' dir='ltr'>φασὶν,</span> <span class='ocrx_word' id='word_1_26' title='bbox 826 860 997 963; x_wconf 75' lang='grc' dir='ltr'>εἰρηκέναι</span> <span class='ocrx_word' id='word_1_27' title='bbox 1020 867 1222 941; x_wconf 87' lang='grc' dir='ltr'>Ματθαῖον</span> <span class='ocrx_word' id='word_1_28' title='bbox 1239 864 1345 944; x_wconf 81' lang='grc' dir='ltr'>αι’ττοῖς</span> 
     </span>
     <span class='ocr_line' id='line_1_6' title="bbox 239 978 1342 1092; baseline 0.002 -28"><span class='ocrx_word' id='word_1_29' title='bbox 239 982 373 1086; x_wconf 82' lang='grc' dir='ltr'>λόγους</span> <span class='ocrx_word' id='word_1_30' title='bbox 390 985 631 1092; x_wconf 84' lang='grc' dir='ltr'>ἀποκρύφους,</span> <span class='ocrx_word' id='word_1_31' title='bbox 647 986 708 1072; x_wconf 72' lang='grc' dir='ltr'>οὓς</span> <span class='ocrx_word' id='word_1_32' title='bbox 725 978 859 1085; x_wconf 81' lang='grc' dir='ltr'>ἤκουσε</span> <span class='ocrx_word' id='word_1_33' title='bbox 875 986 975 1090; x_wconf 78' lang='grc' dir='ltr'>παρὰ</span> <span class='ocrx_word' id='word_1_34' title='bbox 992 997 1063 1067; x_wconf 84' lang='grc' dir='ltr'>τοῦ</span> <span class='ocrx_word' id='word_1_35' title='bbox 1083 993 1260 1092; x_wconf 74' lang='grc' dir='ltr'>Σωτῆρος</span> <span class='ocrx_word' id='word_1_36' title='bbox 1277 989 1342 1066; x_wconf 88' lang='grc' dir='ltr'>κατ’</span> 
     </span>
     <span class='ocr_line' id='line_1_7' title="bbox 240 1109 1374 1220; baseline 0.011 -32"><span class='ocrx_word' id='word_1_37' title='bbox 240 1112 331 1189; x_wconf 85' lang='grc' dir='ltr'>ίδίαν</span> <span class='ocrx_word' id='word_1_38' title='bbox 358 1113 541 1216; x_wconf 83' lang='grc' dir='ltr'>διδαχθείς.</span> <span class='ocrx_word' id='word_1_39' title='bbox 581 1109 734 1212; x_wconf 82' lang='grc' dir='ltr'>Ἴδωμεν</span> <span class='ocrx_word' id='word_1_40' title='bbox 756 1115 820 1192; x_wconf 80' lang='grc' dir='ltr'>οὖν</span> <span class='ocrx_word' id='word_1_41' title='bbox 836 1120 914 1198; x_wconf 82' lang='grc' dir='ltr'>πῶς</span> <span class='ocrx_word' id='word_1_42' title='bbox 932 1120 1160 1220; x_wconf 72' lang='grc' dir='ltr'>καταφανῶς</span> <span class='ocrx_word' id='word_1_43' title='bbox 1181 1115 1374 1200; x_wconf 70' lang='grc' dir='ltr'>Βασιλεῖ-55</span> 
     </span>
     <span class='ocr_line' id='line_1_8' title="bbox 240 1239 1340 1347; baseline 0.004 -30"><span class='ocrx_word' id='word_1_44' title='bbox 240 1241 304 1336; x_wconf 91' lang='grc' dir='ltr'>δης</span> <span class='ocrx_word' id='word_1_45' title='bbox 332 1241 422 1335; x_wconf 81' lang='grc' dir='ltr'>ὁμοῦ</span> <span class='ocrx_word' id='word_1_46' title='bbox 448 1242 507 1317; x_wconf 84' lang='grc' dir='ltr'>καὶ</span> <span class='ocrx_word' id='word_1_47' title='bbox 528 1239 716 1342; x_wconf 81' lang='grc' dir='ltr'>Ἰσίδωρος</span> <span class='ocrx_word' id='word_1_48' title='bbox 740 1242 798 1318; x_wconf 79' lang='grc' dir='ltr'>καὶ</span> <span class='ocrx_word' id='word_1_49' title='bbox 825 1246 897 1324; x_wconf 85' lang='grc' dir='ltr'>πᾶς</span> <span class='ocrx_word' id='word_1_50' title='bbox 921 1243 941 1318; x_wconf 89' lang='grc' dir='ltr'><strong>ὁ</strong></span> <span class='ocrx_word' id='word_1_51' title='bbox 968 1239 1112 1320; x_wconf 86' lang='grc' dir='ltr'>τούτων</span> <span class='ocrx_word' id='word_1_52' title='bbox 1142 1241 1267 1347; x_wconf 86' lang='grc' dir='ltr'>χορὸς,</span> <span class='ocrx_word' id='word_1_53' title='bbox 1286 1243 1340 1344; x_wconf 76' lang='grc' dir='ltr'>οὐχ</span> 
     </span>
     <span class='ocr_line' id='line_1_9' title="bbox 239 1365 1339 1472; baseline 0 -27"><span class='ocrx_word' id='word_1_54' title='bbox 239 1368 366 1449; x_wconf 81' lang='grc' dir='ltr'>ἁπλῶς</span> <span class='ocrx_word' id='word_1_55' title='bbox 393 1365 651 1472; x_wconf 73' lang='grc' dir='ltr'>καταψεύδεται</span> <span class='ocrx_word' id='word_1_56' title='bbox 677 1365 788 1465; x_wconf 83' lang='grc' dir='ltr'>μόνον</span> <span class='ocrx_word' id='word_1_57' title='bbox 818 1367 1024 1464; x_wconf 89' lang='grc' dir='ltr'>Ματθαίου,</span> <span class='ocrx_word' id='word_1_58' title='bbox 1057 1367 1168 1447; x_wconf 79' lang='grc' dir='ltr'>ἀλλὰ</span> <span class='ocrx_word' id='word_1_59' title='bbox 1196 1368 1268 1471; x_wconf 82' lang='grc' dir='ltr'>γὰρ</span> <span class='ocrx_word' id='word_1_60' title='bbox 1292 1369 1339 1446; x_wconf 70' lang='grc' dir='ltr'>κατ’</span> 
     </span>
     <span class='ocr_line' id='line_1_10' title="bbox 239 1488 1337 1599; baseline 0.002 -29"><span class='ocrx_word' id='word_1_61' title='bbox 239 1499 304 1570; x_wconf 83' lang='grc' dir='ltr'>τοῦ</span> <span class='ocrx_word' id='word_1_62' title='bbox 333 1495 501 1593; x_wconf 80' lang='grc' dir='ltr'>Σωτῆρος</span> <span class='ocrx_word' id='word_1_63' title='bbox 529 1495 648 1573; x_wconf 84' lang='grc' dir='ltr'>αὐτοῦ.</span> <span class='ocrx_word' id='word_1_64' title='bbox 689 1488 781 1591; x_wconf 87' lang='grc' dir='ltr'>Ἦν,</span> <span class='ocrx_word' id='word_1_65' title='bbox 802 1495 933 1599; x_wconf 83' lang='grc' dir='ltr'>φησὶν,</span> <span class='ocrx_word' id='word_1_66' title='bbox 955 1492 1013 1572; x_wconf 79' lang='grc' dir='ltr'>ὅτε</span> <span class='ocrx_word' id='word_1_67' title='bbox 1041 1489 1089 1591; x_wconf 83' lang='grc' dir='ltr'>ἦν</span> <span class='ocrx_word' id='word_1_68' title='bbox 1119 1492 1241 1593; x_wconf 73' lang='grc' dir='ltr'>οὐδὲν,</span> <span class='ocrx_word' id='word_1_69' title='bbox 1265 1494 1337 1572; x_wconf 82' lang='grc' dir='ltr'>ἄλλ’</span> 
     </span>
     <span class='ocr_line' id='line_1_11' title="bbox 241 1613 1336 1725; baseline 0.003 -30"><span class='ocrx_word' id='word_1_70' title='bbox 241 1615 319 1695; x_wconf 70' lang='grc' dir='ltr'>οὐδὲ</span> <span class='ocrx_word' id='word_1_71' title='bbox 337 1613 379 1696; x_wconf 77' lang='grc' dir='ltr'>τὸ</span> <span class='ocrx_word' id='word_1_72' title='bbox 399 1615 498 1695; x_wconf 70' lang='grc' dir='ltr'>οὐδὲν</span> <span class='ocrx_word' id='word_1_73' title='bbox 517 1615 562 1715; x_wconf 89' lang='grc' dir='ltr'>ἦν</span> <span class='ocrx_word' id='word_1_74' title='bbox 579 1652 613 1697; x_wconf 90' lang='grc' dir='ltr'>τι</span> <span class='ocrx_word' id='word_1_75' title='bbox 631 1624 705 1698; x_wconf 81' lang='grc' dir='ltr'>τῶν</span> <span class='ocrx_word' id='word_1_76' title='bbox 722 1618 848 1715; x_wconf 81' lang='grc' dir='ltr'>ὄντων,</span> <span class='ocrx_word' id='word_1_77' title='bbox 869 1617 971 1697; x_wconf 76' lang='grc' dir='ltr'>ἀλλὰ</span> <span class='ocrx_word' id='word_1_78' title='bbox 988 1624 1116 1725; x_wconf 80' lang='grc' dir='ltr'>ψιλῶς</span> <span class='ocrx_word' id='word_1_79' title='bbox 1136 1626 1200 1700; x_wconf 81' lang='grc' dir='ltr'>καὶ</span> <span class='ocrx_word' id='word_1_80' title='bbox 1218 1624 1336 1701; x_wconf 79' lang='grc' dir='ltr'>ἄνιπτο-</span> 
     </span>
     <span class='ocr_line' id='line_1_12' title="bbox 242 1741 1373 1852; baseline 0.01 -31"><span class='ocrx_word' id='word_1_81' title='bbox 242 1741 375 1843; x_wconf 79' lang='grc' dir='ltr'>νοήτως</span> <span class='ocrx_word' id='word_1_82' title='bbox 412 1744 494 1848; x_wconf 87' lang='grc' dir='ltr'>δίχα</span> <span class='ocrx_word' id='word_1_83' title='bbox 527 1743 663 1829; x_wconf 80' lang='grc' dir='ltr'>παντὸς</span> <span class='ocrx_word' id='word_1_84' title='bbox 693 1746 926 1852; x_wconf 81' lang='grc' dir='ltr'>σοφίσματος</span> <span class='ocrx_word' id='word_1_85' title='bbox 960 1742 1006 1843; x_wconf 80' lang='grc' dir='ltr'>ἦν</span> <span class='ocrx_word' id='word_1_86' title='bbox 1041 1745 1145 1831; x_wconf 82' lang='grc' dir='ltr'>ὅλως</span> <span class='ocrx_word' id='word_1_87' title='bbox 1185 1746 1264 1827; x_wconf 77' lang='grc' dir='ltr'>οὐδὲ</span> <span class='ocrx_word' id='word_1_88' title='bbox 1294 1748 1373 1832; x_wconf 56' lang='grc' dir='ltr'>ἕνα9</span> 
     </span>
     <span class='ocr_line' id='line_1_13' title="bbox 235 1866 1337 1976; baseline 0.003 -26"><span class='ocrx_word' id='word_1_89' title='bbox 235 1866 357 1950; x_wconf 83' lang='grc' dir='ltr'>Ὅταν</span> <span class='ocrx_word' id='word_1_90' title='bbox 384 1868 422 1949; x_wconf 74' lang='grc' dir='ltr'>δὲ</span> <span class='ocrx_word' id='word_1_91' title='bbox 450 1869 552 1975; x_wconf 73' lang='grc' dir='ltr'>λε’γη,</span> <span class='ocrx_word' id='word_1_92' title='bbox 576 1874 683 1976; x_wconf 88' lang='grc' dir='ltr'>φησὶ,</span> <span class='ocrx_word' id='word_1_93' title='bbox 707 1868 749 1950; x_wconf 75' lang='grc' dir='ltr'>τὸ</span> <span class='ocrx_word' id='word_1_94' title='bbox 776 1868 834 1969; x_wconf 82' lang='grc' dir='ltr'>ἦν,</span> <span class='ocrx_word' id='word_1_95' title='bbox 861 1874 929 1975; x_wconf 85' lang='grc' dir='ltr'>ούχ</span> <span class='ocrx_word' id='word_1_96' title='bbox 955 1870 1009 1951; x_wconf 79' lang='grc' dir='ltr'>ῖντι</span> <span class='ocrx_word' id='word_1_97' title='bbox 1037 1868 1086 1970; x_wconf 84' lang='grc' dir='ltr'>ἦν</span> <span class='ocrx_word' id='word_1_98' title='bbox 1116 1873 1236 1974; x_wconf 71' lang='grc' dir='ltr'>λέγω,</span> <span class='ocrx_word' id='word_1_99' title='bbox 1264 1871 1337 1952; x_wconf 69' lang='grc' dir='ltr'>ἄλλ’</span> 
     </span>
     <span class='ocr_line' id='line_1_14' title="bbox 242 1994 1338 2106; baseline 0.002 -31"><span class='ocrx_word' id='word_1_100' title='bbox 242 1998 300 2075; x_wconf 84' lang='grc' dir='ltr'>ἵνα</span> <span class='ocrx_word' id='word_1_101' title='bbox 318 1996 470 2096; x_wconf 83' lang='grc' dir='ltr'>σημαίνω</span> <span class='ocrx_word' id='word_1_102' title='bbox 488 2005 594 2076; x_wconf 86' lang='grc' dir='ltr'>τοῖντο</span> <span class='ocrx_word' id='word_1_103' title='bbox 612 1997 699 2101; x_wconf 80' lang='grc' dir='ltr'>ὅπερ</span> <span class='ocrx_word' id='word_1_104' title='bbox 715 1996 895 2096; x_wconf 84' lang='grc' dir='ltr'>βούλομαι</span> <span class='ocrx_word' id='word_1_105' title='bbox 916 1994 1043 2101; x_wconf 78' lang='grc' dir='ltr'>δεῖξαι.</span> <span class='ocrx_word' id='word_1_106' title='bbox 1086 1999 1212 2101; x_wconf 75' lang='grc' dir='ltr'>Λέγω,</span> <span class='ocrx_word' id='word_1_107' title='bbox 1225 2003 1338 2106; x_wconf 80' lang='grc' dir='ltr'>φησὶν,</span> 
     </span>
     <span class='ocr_line' id='line_1_15' title="bbox 243 2121 1339 2231; baseline 0.002 -28"><span class='ocrx_word' id='word_1_108' title='bbox 243 2124 296 2203; x_wconf 74' lang='grc' dir='ltr'>ὅτι</span> <span class='ocrx_word' id='word_1_109' title='bbox 328 2122 373 2222; x_wconf 78' lang='grc' dir='ltr'>ἦν</span> <span class='ocrx_word' id='word_1_110' title='bbox 407 2124 501 2209; x_wconf 80' lang='grc' dir='ltr'>ὅλως</span> <span class='ocrx_word' id='word_1_111' title='bbox 533 2123 646 2203; x_wconf 79' lang='grc' dir='ltr'>οὐδέν.</span> <span class='ocrx_word' id='word_1_112' title='bbox 699 2122 812 2205; x_wconf 87' lang='grc' dir='ltr'>Ἔστι</span> <span class='ocrx_word' id='word_1_113' title='bbox 844 2121 929 2228; x_wconf 83' lang='grc' dir='ltr'>γὰρ,</span> <span class='ocrx_word' id='word_1_114' title='bbox 959 2127 1094 2231; x_wconf 80' lang='grc' dir='ltr'>φησὶν,</span> <span class='ocrx_word' id='word_1_115' title='bbox 1128 2126 1256 2225; x_wconf 87' lang='grc' dir='ltr'>ε’κεῖνο,</span> <span class='ocrx_word' id='word_1_116' title='bbox 1284 2129 1339 2229; x_wconf 81' lang='grc' dir='ltr'>ούχ</span> 
     </span>
     <span class='ocr_line' id='line_1_16' title="bbox 242 2248 1337 2355; baseline 0.004 -28"><span class='ocrx_word' id='word_1_117' title='bbox 242 2253 368 2334; x_wconf 81' lang='grc' dir='ltr'>ἁπλῶς</span> <span class='ocrx_word' id='word_1_118' title='bbox 389 2251 545 2352; x_wconf 78' lang='grc' dir='ltr'>ἄρρητον</span> <span class='ocrx_word' id='word_1_119' title='bbox 567 2248 771 2352; x_wconf 78' lang='grc' dir='ltr'>ὀνομάζεται</span> <span class='ocrx_word' id='word_1_120' title='bbox 791 2251 961 2355; x_wconf 84' lang='grc' dir='ltr'>(ἄρρητον</span> <span class='ocrx_word' id='word_1_121' title='bbox 978 2260 1072 2351; x_wconf 84' lang='grc' dir='ltr'>γοῦν</span> <span class='ocrx_word' id='word_1_122' title='bbox 1096 2252 1191 2332; x_wconf 73' lang='grc' dir='ltr'>αὐτὸ</span> <span class='ocrx_word' id='word_1_123' title='bbox 1217 2261 1337 2333; x_wconf 81' lang='grc' dir='ltr'>καλοῖ·</span> 
     </span>
     <span class='ocr_line' id='line_1_17' title="bbox 240 2375 1371 2483; baseline 0.004 -31"><span class='ocrx_word' id='word_1_124' title='bbox 240 2383 337 2479; x_wconf 88' lang='grc' dir='ltr'>μεν),</span> <span class='ocrx_word' id='word_1_125' title='bbox 358 2375 522 2454; x_wconf 77' lang='grc' dir='ltr'>ε’κεῖνοδὲ</span> <span class='ocrx_word' id='word_1_126' title='bbox 546 2377 625 2457; x_wconf 78' lang='grc' dir='ltr'>οὐδὲ</span> <span class='ocrx_word' id='word_1_127' title='bbox 647 2378 815 2481; x_wconf 86' lang='grc' dir='ltr'>ἄρρητον·</span> <span class='ocrx_word' id='word_1_128' title='bbox 846 2376 994 2481; x_wconf 75' lang='grc' dir='ltr'>καὶγὰρ</span> <span class='ocrx_word' id='word_1_129' title='bbox 1016 2375 1061 2457; x_wconf 78' lang='grc' dir='ltr'>τὸ</span> <span class='ocrx_word' id='word_1_130' title='bbox 1087 2380 1155 2458; x_wconf 83' lang='grc' dir='ltr'>οὐκ</span> <span class='ocrx_word' id='word_1_131' title='bbox 1179 2379 1335 2483; x_wconf 84' lang='grc' dir='ltr'>ἄρρητον,</span> <span class='ocrx_word' id='word_1_132' title='bbox 1343 2400 1371 2465; x_wconf 79' lang='lat'>93</span> 
     </span>
     <span class='ocr_line' id='line_1_18' title="bbox 241 2500 1337 2610; baseline 0.002 -30"><span class='ocrx_word' id='word_1_133' title='bbox 241 2503 304 2580; x_wconf 85' lang='grc' dir='ltr'>οὑκ</span> <span class='ocrx_word' id='word_1_134' title='bbox 340 2500 496 2603; x_wconf 77' lang='grc' dir='ltr'>ἄρρητον</span> <span class='ocrx_word' id='word_1_135' title='bbox 528 2502 742 2605; x_wconf 75' lang='grc' dir='ltr'>ὀνομάζεται,</span> <span class='ocrx_word' id='word_1_136' title='bbox 773 2503 874 2583; x_wconf 79' lang='grc' dir='ltr'>ἀλλὰ</span> <span class='ocrx_word' id='word_1_137' title='bbox 904 2503 992 2601; x_wconf 73' lang='grc' dir='ltr'>ἔστι,</span> <span class='ocrx_word' id='word_1_138' title='bbox 1018 2508 1150 2610; x_wconf 83' lang='grc' dir='ltr'>φησὶν,</span> <span class='ocrx_word' id='word_1_139' title='bbox 1187 2503 1337 2609; x_wconf 80' lang='grc' dir='ltr'>ὑπεράνω</span> 
     </span>
     <span class='ocr_line' id='line_1_19' title="bbox 240 2626 1336 2738; baseline 0.003 -29"><span class='ocrx_word' id='word_1_140' title='bbox 240 2626 374 2713; x_wconf 76' lang='grc' dir='ltr'>παντὸς</span> <span class='ocrx_word' id='word_1_141' title='bbox 392 2627 566 2729; x_wconf 87' lang='grc' dir='ltr'>ὀνόματος</span> <span class='ocrx_word' id='word_1_142' title='bbox 585 2629 854 2732; x_wconf 69' lang='grc' dir='ltr'>ὀνομαζομένου.</span> <span class='ocrx_word' id='word_1_143' title='bbox 903 2628 1020 2710; x_wconf 71' lang='grc' dir='ltr'>Οὐδὲν</span> <span class='ocrx_word' id='word_1_144' title='bbox 1036 2630 1113 2734; x_wconf 77' lang='grc' dir='ltr'>γὰρ</span> <span class='ocrx_word' id='word_1_145' title='bbox 1131 2637 1188 2738; x_wconf 76' lang='grc' dir='ltr'>τῷ</span> <span class='ocrx_word' id='word_1_146' title='bbox 1210 2630 1336 2738; x_wconf 78' lang='grc' dir='ltr'>κύσμιρ,</span> 
     </span>
     <span class='ocr_line' id='line_1_20' title="bbox 242 2754 1336 2865; baseline 0.006 -30"><span class='ocrx_word' id='word_1_147' title='bbox 242 2758 368 2861; x_wconf 75' lang='grc' dir='ltr'>φησὶν,</span> <span class='ocrx_word' id='word_1_148' title='bbox 395 2754 539 2859; x_wconf 78' lang='grc' dir='ltr'>ἐξαρκεῖ</span> <span class='ocrx_word' id='word_1_149' title='bbox 566 2756 612 2836; x_wconf 82' lang='grc' dir='ltr'>τὰ</span> <span class='ocrx_word' id='word_1_150' title='bbox 644 2755 815 2856; x_wconf 86' lang='grc' dir='ltr'>ὀνόματα,</span> <span class='ocrx_word' id='word_1_151' title='bbox 846 2760 957 2842; x_wconf 76' lang='grc' dir='ltr'>οὕτως</span> <span class='ocrx_word' id='word_1_152' title='bbox 987 2758 1067 2838; x_wconf 76' lang='grc' dir='ltr'>εὀτῖ</span> <span class='ocrx_word' id='word_1_153' title='bbox 1099 2758 1336 2865; x_wconf 76' lang='grc' dir='ltr'>πολυσχιδὴς,</span> 
     </span>
    </p>

    <p class='ocr_par' dir='ltr' id='par_1_4' title="bbox 149 2882 1357 4000">
     <span class='ocr_line' id='line_1_21' title="bbox 149 2882 1337 2990; baseline 0.007 -35"><span class='ocrx_word' id='word_1_154' title='bbox 149 2896 188 2956; x_wconf 84' lang='lat'>88</span> <span class='ocrx_word' id='word_1_155' title='bbox 202 2916 230 2958; x_wconf 90' lang='lat' dir='ltr'>v.</span> <span class='ocrx_word' id='word_1_156' title='bbox 241 2882 342 2962; x_wconf 81' lang='grc' dir='ltr'>ἀλλὰ</span> <span class='ocrx_word' id='word_1_157' title='bbox 368 2882 573 2963; x_wconf 75' lang='grc' dir='ltr'>ἐπιλέλοιπε</span> <span class='ocrx_word' id='word_1_158' title='bbox 602 2886 660 2962; x_wconf 71' lang='grc' dir='ltr'>καῖ</span> <span class='ocrx_word' id='word_1_159' title='bbox 689 2886 730 2963; x_wconf 85' lang='grc' dir='ltr'>ού</span> <span class='ocrx_word' id='word_1_160' title='bbox 759 2882 919 2990; x_wconf 71' lang='grc' dir='ltr'>δέχομαι,</span> <span class='ocrx_word' id='word_1_161' title='bbox 940 2886 1048 2990; x_wconf 82' lang='grc' dir='ltr'>φησὶ,</span> <span class='ocrx_word' id='word_1_162' title='bbox 1076 2884 1174 2965; x_wconf 79' lang='grc' dir='ltr'>κατὰ</span> <span class='ocrx_word' id='word_1_163' title='bbox 1202 2884 1337 2966; x_wconf 83' lang='grc' dir='ltr'>πάντων</span> 
     </span>
     <span class='ocr_line' id='line_1_22' title="bbox 241 3010 1356 3117; baseline 0.003 -29"><span class='ocrx_word' id='word_1_164' title='bbox 241 3014 350 3113; x_wconf 81' lang='grc' dir='ltr'>εὑρεῖν</span> <span class='ocrx_word' id='word_1_165' title='bbox 376 3012 503 3114; x_wconf 91' lang='grc' dir='ltr'>κυρίως</span> <span class='ocrx_word' id='word_1_166' title='bbox 528 3010 697 3109; x_wconf 85' lang='grc' dir='ltr'>ὀνόματα,</span> <span class='ocrx_word' id='word_1_167' title='bbox 718 3010 819 3090; x_wconf 81' lang='grc' dir='ltr'>ἀλλὰ</span> <span class='ocrx_word' id='word_1_168' title='bbox 841 3010 885 3109; x_wconf 79' lang='grc' dir='ltr'>δὴ</span> <span class='ocrx_word' id='word_1_169' title='bbox 903 3017 948 3117; x_wconf 73' lang='grc' dir='ltr'>τῇ</span> <span class='ocrx_word' id='word_1_170' title='bbox 967 3011 1105 3116; x_wconf 78' lang='grc' dir='ltr'>διανοίᾳ</span> <span class='ocrx_word' id='word_1_171' title='bbox 1122 3014 1249 3098; x_wconf 81' lang='grc' dir='ltr'>αὐτοῖς</span> <span class='ocrx_word' id='word_1_172' title='bbox 1266 3011 1356 3093; x_wconf 80' lang='grc' dir='ltr'>ὀνό-Ι</span> 
     </span>
     <span class='ocr_line' id='line_1_23' title="bbox 240 3134 1335 3239; baseline 0.001 -23"><span class='ocrx_word' id='word_1_173' title='bbox 240 3172 337 3235; x_wconf 83' lang='grc' dir='ltr'>ματα</span> <span class='ocrx_word' id='word_1_174' title='bbox 361 3145 433 3216; x_wconf 84' lang='grc' dir='ltr'>τῶν</span> <span class='ocrx_word' id='word_1_175' title='bbox 459 3134 724 3237; x_wconf 71' lang='grc' dir='ltr'>ὀνομαζομένων</span> <span class='ocrx_word' id='word_1_176' title='bbox 748 3136 813 3222; x_wconf 77' lang='grc' dir='ltr'>τὰς</span> <span class='ocrx_word' id='word_1_177' title='bbox 832 3135 1006 3236; x_wconf 74' lang='grc' dir='ltr'>ἰδιότητας</span> <span class='ocrx_word' id='word_1_178' title='bbox 1024 3136 1193 3239; x_wconf 78' lang='grc' dir='ltr'>ἀρρήτως</span> <span class='ocrx_word' id='word_1_179' title='bbox 1210 3141 1335 3235; x_wconf 87' lang='grc' dir='ltr'>ε’κλαμ·</span> 
     </span>
     <span class='ocr_line' id='line_1_24' title="bbox 239 3261 1337 3368; baseline -0.001 -27"><span class='ocrx_word' id='word_1_180' title='bbox 239 3261 373 3357; x_wconf 81' lang='grc' dir='ltr'>βᾶνειν.</span> <span class='ocrx_word' id='word_1_181' title='bbox 431 3265 483 3341; x_wconf 91' lang='grc' dir='ltr'><strong><em>Ἡ</em></strong></span> <span class='ocrx_word' id='word_1_182' title='bbox 515 3261 587 3366; x_wconf 76' lang='grc' dir='ltr'>γὰρ</span> <span class='ocrx_word' id='word_1_183' title='bbox 625 3264 807 3363; x_wconf 86' lang='grc' dir='ltr'>ὁμωνυμία</span> <span class='ocrx_word' id='word_1_184' title='bbox 841 3261 1002 3368; x_wconf 78' lang='grc' dir='ltr'>ταραχὴν</span> <span class='ocrx_word' id='word_1_185' title='bbox 1037 3265 1254 3363; x_wconf 79' lang='grc' dir='ltr'>ἐμπεποίηκε</span> <span class='ocrx_word' id='word_1_186' title='bbox 1288 3264 1337 3341; x_wconf 78' lang='grc' dir='ltr'>καῖ</span> 
     </span>
     <span class='ocr_line' id='line_1_25' title="bbox 240 3388 1334 3498; baseline 0.002 -29"><span class='ocrx_word' id='word_1_187' title='bbox 240 3388 385 3490; x_wconf 81' lang='grc' dir='ltr'>πλάνην</span> <span class='ocrx_word' id='word_1_188' title='bbox 401 3397 474 3470; x_wconf 81' lang='grc' dir='ltr'>τῶν</span> <span class='ocrx_word' id='word_1_189' title='bbox 491 3388 715 3498; x_wconf 78' lang='grc' dir='ltr'>πραγμάτων</span> <span class='ocrx_word' id='word_1_190' title='bbox 732 3396 806 3475; x_wconf 91' lang='grc' dir='ltr'>τοῖς</span> <span class='ocrx_word' id='word_1_191' title='bbox 820 3390 1068 3494; x_wconf 73' lang='grc' dir='ltr'>ἀκροωμένοις.</span> <span class='ocrx_word' id='word_1_192' title='bbox 1101 3396 1227 3470; x_wconf 82' lang='grc' dir='ltr'>Τοῖττο</span> <span class='ocrx_word' id='word_1_193' title='bbox 1244 3395 1334 3493; x_wconf 77' lang='grc' dir='ltr'>πρῶ·</span> 
     </span>
     <span class='ocr_line' id='line_1_26' title="bbox 240 3512 1357 3624; baseline 0.006 -30"><span class='ocrx_word' id='word_1_194' title='bbox 240 3551 304 3595; x_wconf 93' lang='grc' dir='ltr'>τον</span> <span class='ocrx_word' id='word_1_195' title='bbox 328 3516 555 3624; x_wconf 81' lang='grc' dir='ltr'>σφετέρισμα</span> <span class='ocrx_word' id='word_1_196' title='bbox 580 3522 639 3596; x_wconf 71' lang='grc' dir='ltr'>καὶ</span> <span class='ocrx_word' id='word_1_197' title='bbox 666 3517 810 3617; x_wconf 76' lang='grc' dir='ltr'>κλέμμα</span> <span class='ocrx_word' id='word_1_198' title='bbox 833 3525 899 3596; x_wconf 83' lang='grc' dir='ltr'>τοῦ</span> <span class='ocrx_word' id='word_1_199' title='bbox 923 3512 1129 3619; x_wconf 76' lang='grc' dir='ltr'>Περιπάτου</span> <span class='ocrx_word' id='word_1_200' title='bbox 1151 3517 1357 3612; x_wconf 80' lang='grc' dir='ltr'>λαβόντες,5</span> 
     </span>
     <span class='ocr_line' id='line_1_27' title="bbox 242 3638 1333 3744; baseline 0.005 -25"><span class='ocrx_word' id='word_1_201' title='bbox 242 3644 409 3722; x_wconf 81' lang='grc' dir='ltr'>ἀπατῶσι</span> <span class='ocrx_word' id='word_1_202' title='bbox 426 3644 492 3742; x_wconf 78' lang='grc' dir='ltr'>τὴν</span> <span class='ocrx_word' id='word_1_203' title='bbox 511 3644 634 3724; x_wconf 79' lang='grc' dir='ltr'>ἄνοιαν</span> <span class='ocrx_word' id='word_1_204' title='bbox 651 3651 724 3724; x_wconf 84' lang='grc' dir='ltr'>τῶν</span> <span class='ocrx_word' id='word_1_205' title='bbox 742 3641 1082 3744; x_wconf 58' lang='grc' dir='ltr'>συναγελαζομένων</span> <span class='ocrx_word' id='word_1_206' title='bbox 1105 3638 1183 3741; x_wconf 78' lang='grc' dir='ltr'>ἅμα</span> <span class='ocrx_word' id='word_1_207' title='bbox 1209 3647 1333 3726; x_wconf 77' lang='grc' dir='ltr'>αὐτοῖς·</span> 
     </span>
     <span class='ocr_line' id='line_1_28' title="bbox 241 3767 1335 3873; baseline 0.004 -27"><span class='ocrx_word' id='word_1_208' title='bbox 241 3774 398 3852; x_wconf 89' lang='grc' dir='ltr'>πολλαῖς</span> <span class='ocrx_word' id='word_1_209' title='bbox 415 3767 487 3872; x_wconf 81' lang='grc' dir='ltr'>γὰρ</span> <span class='ocrx_word' id='word_1_210' title='bbox 512 3778 646 3870; x_wconf 85' lang='grc' dir='ltr'>γενεαῖς</span> <span class='ocrx_word' id='word_1_211' title='bbox 662 3768 921 3873; x_wconf 75' lang='grc' dir='ltr'>Ἀριστοτέλης</span> <span class='ocrx_word' id='word_1_212' title='bbox 949 3769 1168 3849; x_wconf 87' lang='grc' dir='ltr'>Βασιλείδου</span> <span class='ocrx_word' id='word_1_213' title='bbox 1193 3804 1335 3872; x_wconf 85' lang='grc' dir='ltr'>γεγενη·</span> 
     </span>
     <span class='ocr_line' id='line_1_29' title="bbox 239 3890 1335 4000; baseline 0.005 -30"><span class='ocrx_word' id='word_1_214' title='bbox 239 3890 344 3990; x_wconf 84' lang='grc' dir='ltr'>με’νος</span> <span class='ocrx_word' id='word_1_215' title='bbox 366 3900 521 3995; x_wconf 83' lang='grc' dir='ltr'>πρῶτος,</span> <span class='ocrx_word' id='word_1_216' title='bbox 542 3893 606 3975; x_wconf 77' lang='grc' dir='ltr'>τὸν</span> <span class='ocrx_word' id='word_1_217' title='bbox 633 3898 712 4000; x_wconf 82' lang='grc' dir='ltr'>περὶ</span> <span class='ocrx_word' id='word_1_218' title='bbox 737 3903 810 3977; x_wconf 81' lang='grc' dir='ltr'>τῶν</span> <span class='ocrx_word' id='word_1_219' title='bbox 834 3894 1031 3994; x_wconf 79' lang='grc' dir='ltr'>ὁμωνύμων</span> <span class='ocrx_word' id='word_1_220' title='bbox 1056 3895 1094 3973; x_wconf 78' lang='grc' dir='ltr'>ἐν</span> <span class='ocrx_word' id='word_1_221' title='bbox 1116 3900 1196 3979; x_wconf 87' lang='grc' dir='ltr'>ταῖς</span> <span class='ocrx_word' id='word_1_222' title='bbox 1219 3901 1335 3992; x_wconf 87' lang='grc' dir='ltr'>Κατη-</span> 
     </span>
    </p>
   </div>
   <div class='ocr_carea' id='block_1_3' title="bbox 281 4063 1333 4456">
    <p class='ocr_par' dir='ltr' id='par_1_5' title="bbox 282 4063 1333 4298">
     <span class='ocr_line' id='line_1_30' title="bbox 283 4063 1333 4137; baseline -0.002 -17"><span class='ocrx_word' id='word_1_223' title='bbox 283 4064 329 4120; x_wconf 86' lang='grc' dir='ltr'>8ο.</span> <span class='ocrx_word' id='word_1_224' title='bbox 347 4063 419 4119; x_wconf 87' lang='lat' dir='ltr'>Cod.</span> <span class='ocrx_word' id='word_1_225' title='bbox 435 4064 581 4120; x_wconf 75' lang='grc' dir='ltr'>ἐπιὸακνῡν.</span> <span class='ocrx_word' id='word_1_226' title='bbox 849 4083 877 4137; x_wconf 83' lang='lat'>3.</span> <span class='ocrx_word' id='word_1_227' title='bbox 889 4065 922 4121; x_wconf 87' lang='lat' dir='ltr'>In</span> <span class='ocrx_word' id='word_1_228' title='bbox 931 4066 1099 4136; x_wconf 76' lang='grc' dir='ltr'>ἐκλαμβάνειν</span> <span class='ocrx_word' id='word_1_229' title='bbox 1106 4072 1266 4121; x_wconf 77' lang='lat' dir='ltr'>extremam</span> <span class='ocrx_word' id='word_1_230' title='bbox 1277 4064 1333 4120; x_wconf 81' lang='lat' dir='ltr'><strong>lite·</strong></span> 
     </span>
     <span class='ocr_line' id='line_1_31' title="bbox 283 4143 1333 4214; baseline -0.001 -14"><span class='ocrx_word' id='word_1_231' title='bbox 283 4143 330 4200; x_wconf 76' lang='lat'>82.</span> <span class='ocrx_word' id='word_1_232' title='bbox 344 4143 464 4210; x_wconf 81' lang='lat' dir='ltr'><strong>Titulus,</strong></span> <span class='ocrx_word' id='word_1_233' title='bbox 477 4146 635 4214; x_wconf 79' lang='grc' dir='ltr'>Βασιλείδης.</span> <span class='ocrx_word' id='word_1_234' title='bbox 808 4166 870 4203; x_wconf 73' lang='lat' dir='ltr'>ram</span> <span class='ocrx_word' id='word_1_235' title='bbox 884 4147 978 4203; x_wconf 87' lang='lat' dir='ltr'>delere</span> <span class='ocrx_word' id='word_1_236' title='bbox 991 4144 1114 4202; x_wconf 78' lang='lat' dir='ltr'>voluisse</span> <span class='ocrx_word' id='word_1_237' title='bbox 1128 4145 1243 4203; x_wconf 83' lang='lat' dir='ltr'><strong>videtur</strong></span> <span class='ocrx_word' id='word_1_238' title='bbox 1256 4145 1333 4201; x_wconf 82' lang='lat' dir='ltr'>libra·</span> 
     </span>
     <span class='ocr_line' id='line_1_32' title="bbox 282 4224 873 4298; baseline 0.005 -17"><span class='ocrx_word' id='word_1_239' title='bbox 282 4225 330 4296; x_wconf 83' lang='lat'>83.</span> <span class='ocrx_word' id='word_1_240' title='bbox 346 4224 418 4281; x_wconf 89' lang='lat' dir='ltr'>Cod.</span> <span class='ocrx_word' id='word_1_241' title='bbox 432 4227 515 4298; x_wconf 75' lang='grc' dir='ltr'>φησὶν</span> <span class='ocrx_word' id='word_1_242' title='bbox 528 4233 557 4281; x_wconf 82' lang='lat' dir='ltr'>et</span> <span class='ocrx_word' id='word_1_243' title='bbox 571 4228 696 4282; x_wconf 79' lang='grc' dir='ltr'>Ματθίαν.</span> <span class='ocrx_word' id='word_1_244' title='bbox 808 4228 873 4284; x_wconf 80' lang='lat' dir='ltr'>rius.</span> 
     </span>
    </p>

    <p class='ocr_par' dir='ltr' id='par_1_6' title="bbox 281 4304 1145 4378">
     <span class='ocr_line' id='line_1_33' title="bbox 281 4304 1145 4378; baseline 0.001 -17"><span class='ocrx_word' id='word_1_245' title='bbox 281 4307 329 4362; x_wconf 89' lang='lat'>88.</span> <span class='ocrx_word' id='word_1_246' title='bbox 346 4304 418 4363; x_wconf 70' lang='lat' dir='ltr'>Cod.</span> <span class='ocrx_word' id='word_1_247' title='bbox 434 4308 501 4378; x_wconf 83' lang='grc' dir='ltr'>φησὶ</span> <span class='ocrx_word' id='word_1_248' title='bbox 514 4308 573 4361; x_wconf 83' lang='grc' dir='ltr'>τότε</span> <span class='ocrx_word' id='word_1_249' title='bbox 586 4304 602 4374; x_wconf 71' lang='grc' dir='ltr'><em>ἢ</em></span> <span class='ocrx_word' id='word_1_250' title='bbox 619 4351 624 4363; x_wconf 94' lang='grc'>.</span> <span class='ocrx_word' id='word_1_251' title='bbox 848 4308 887 4364; x_wconf 86' lang='lat' dir='ltr'>ib.</span> <span class='ocrx_word' id='word_1_252' title='bbox 903 4306 975 4364; x_wconf 87' lang='lat' dir='ltr'><strong>Cod.</strong></span> <span class='ocrx_word' id='word_1_253' title='bbox 990 4306 1145 4376; x_wconf 78' lang='grc' dir='ltr'>ε’κπεποίηκε.</span> 
     </span>
    </p>

    <p class='ocr_par' dir='ltr' id='par_1_7' title="bbox 282 4387 534 4456">
     <span class='ocr_line' id='line_1_34' title="bbox 282 4387 534 4456; baseline 0 -15"><span class='ocrx_word' id='word_1_254' title='bbox 282 4403 308 4442; x_wconf 84' lang='lat'>2.</span> <span class='ocrx_word' id='word_1_255' title='bbox 325 4387 403 4444; x_wconf 79' lang='lat' dir='ltr'><strong>Fort.</strong></span> <span class='ocrx_word' id='word_1_256' title='bbox 418 4389 534 4456; x_wconf 82' lang='grc' dir='ltr'>ὀνόμασι.</span> 
     </span>
    </p>
   </div>
   <div class='ocr_carea' id='block_1_4' title="bbox 0 0 1409 4972">
    <p class='ocr_par' dir='ltr' id='par_1_8' title="bbox 0 0 1409 4972">
     <span class='ocr_line' id='line_1_35' title="bbox 0 0 1409 4972; baseline 0 0"><span class='ocrx_word' id='word_1_257' title='bbox 0 0 1409 4972; x_wconf 95' lang='lat' dir='ltr'> </span> 
     </span>
    </p>
   </div>
  </div>
 </body>
</html>
