2782 4972
123 290 166 352 80
567 286 783 353 ORIGENIS

126 446 300 528 Καλάνου
318 448 356 527 δέ
375 448 635 553 καταφέρονται
653 451 702 532 ῶς
730 450 874 540 ἀσεβῶς
901 447 1218 547 ἀποστατήσαντος

123 580 188 674 τῆς
200 575 276 655 κατ’
292 572 420 659 αὐτοὺς
433 574 670 680 φιλοσοφίας.
710 571 944 672 Ἀποθέμενοι
962 574 1000 653 δέ
1016 579 1219 681 Βραχμᾶνες

123 699 166 782 τδ
189 708 298 801 σῶμα
316 698 442 802 ὥσπερ
458 697 502 803 ἐξ
519 702 647 783 ὕδατος
671 698 788 805 ἰχθύες
806 699 1058 806 ἀνωεύφαισες
1074 706 1124 788 είς
1141 704 1221 805 ἀέρα
1227 726 1252 784 35

124 825 280 931 καθαρόν
299 831 412 931 ὁρῶσι
428 824 494 905 τόν
511 827 626 924 ἥλιον.

365 1156 455 1222 Ham
481 1159 631 1221 Δινιιοου
656 1180 723 1222 που
750 1182 792 1222 zu
820 1158 982 1223 Κιικτοιτ.

180 1298 331 1404 Δρυΐδαι
361 1304 394 1378 οί
425 1302 462 1379 ἐν
492 1304 644 1382 Κελτοῖς
675 1303 719 1403 τῇ
752 1301 986 1407 Πυθαγορείιρ
1019 1304 1220 1408 φιλοσοφίᾳ

124 1427 198 1506 κατ’
219 1426 329 1528 ἀκρον
347 1426 578 1533 ἐγκύψαντες,
600 1426 713 1505 αι’τίου
730 1427 849 1510 αὐτοῖς
876 1422 1068 1526 γενομένου
1096 1427 1220 1526 ταύτης

122 1556 187 1651 τῆς
218 1551 408 1651 ἀσκήσεως
442 1549 672 1654 Ζαμόλξιδος
703 1550 836 1631 δούλου
871 1551 1103 1656 Πυθαγόρου,
1136 1551 1255 1655 γένειιο

124 1680 297 1783 Θρακίου·
329 1678 368 1764 δς
394 1677 484 1777 μετὰ
509 1676 575 1776 την
595 1678 812 1782 Πυθαγόρου
829 1677 997 1779 τελευτὴν
1016 1681 1089 1757 ἐκεῖ
1106 1679 1217 1785 χωρη-

123 1843 195 1893 σας
224 1806 334 1892 α’ίτιος
367 1805 504 1890 τούτοις
540 1804 670 1905 ταύτης
706 1808 771 1903 τῆς
807 1806 1035 1913 φιλοσοφίας
1071 1804 1217 1907 ἐγένετο.

123 1934 284 2020 Τούτους
299 1940 432 2014 Κελτοὶ
452 1936 500 2018 ὡς
518 1930 708 2038 προφήτας
726 1935 785 2010 καὶ
801 1930 1096 2035 πρωγνοστικοδς
1115 1932 1219 2038 δοξά-

123 2060 259 2165 ζουσιν,
293 2063 350 2142 διὰ
385 2059 427 2142 τδ
456 2063 494 2140 ἐκ
530 2059 670 2167 φῆφαν
702 2063 760 2139 καὶ
797 2063 956 2164 ἀριθμῶν
991 2066 1221 2167 Πυθαγορικῇ

123 2187 230 2294 τέχνῃ
262 2186 513 2291 προαγορεύειν
538 2189 657 2272 αὐτοῖς
683 2221 775 2283 τινα,
805 2186 848 2287 ἦς
875 2189 932 2267 καὶ
962 2190 1072 2287 αι’ντῆς
1098 2187 1257 2297 τέχνηςη,

122 2314 188 2400 τὰς
214 2313 363 2419 ἐφόδους
391 2317 433 2394 οὐ
460 2314 706 2414 σιωπήσομεν,
726 2316 799 2394 ἐπεὶ
827 2317 884 2392 καὶ
911 2317 949 2394 ἐκ
976 2314 1115 2396 τούτων
1138 2318 1223 2404 τινές

123 2435 275 2542 αἱρέσεις
301 2439 532 2542 παρεισάγειν
559 2438 776 2538 ἐτόλμησαν.
828 2447 996 2541 Χρῶνται
1015 2441 1054 2521 δὲ
1074 2443 1223 2546 Δρυίδα

124 2602 182 2646 και
200 2601 354 2667 μαγιαις.

533 2812 623 2877 Πιινι
652 2813 811 2878 Ηιιοοος.

177 2958 354 3039 Ἡσίοδος
372 2954 410 3033 δέ
428 2958 448 3033 ὁ
465 2952 613 3053 ποιητὴς
641 2957 700 3033 καὶ
727 2951 833 3039 αι’πδς
860 2957 939 3057 περὶ
967 2955 1114 3063 φύσεως
1132 2960 1224 3038 οὕτω
1232 2986 1265 3047 5⁰

124 3081 222 3184 λε’γει
250 3076 436 3181 ἀκηκοέναι
471 3081 570 3185 παρὰ
608 3087 786 3162 Μουσῶν.
846 3077 936 3165 Διὸς
968 3081 1005 3160 δέ
1042 3077 1130 3161 εἶναι
1160 3084 1225 3169 τὰς

126 3208 284 3292 Μούσας
301 3205 509 3311 θυγατέρας.
540 3209 669 3288 Ἐννέα
688 3205 760 3311 γὰρ
774 3207 902 3292 νύκτας
917 3212 1006 3307 ὁμοῦ
1019 3211 1078 3287 καὶ
1091 3208 1225 3315 ἡμέρας

124 3335 166 3414 δι’
186 3332 391 3439 ὑπερβολὴν
409 3335 591 3433 ἐπιθυμίας
615 3334 848 3417 ἀδιαλείπτως
875 3330 1153 3433 συνευιηθέντος
1179 3343 1224 3442 τῇ

126 3461 355 3567 Μνημοσύνη
382 3470 446 3541 τοῦ
475 3458 576 3558 Διός,
599 3461 700 3540 ἐννέα
726 3459 856 3545 ταύτας
883 3457 949 3558 τὴν
972 3462 1225 3561 Μνημοσύνην

123 3595 327 3683 συλλαβεῖν
344 3591 381 3666 ἐν
398 3591 462 3694 μιᾷ
480 3589 628 3691 γαστρὶ,
648 3587 703 3693 ἐφ’
723 3585 877 3687 ἑκάστης
899 3583 1026 3671 νυκτδς
1044 3586 1222 3693 ὑποδεξα-
1233 3616 1267 3678 55

122 3712 233 3815 μένην
253 3716 350 3812 μίαν.
398 3711 572 3799 Καλέσας
600 3713 745 3797 οὖντὰς
772 3713 872 3792 ἐννέα
893 3713 1049 3798 Μούσας
1069 3714 1142 3797 ἀπό
1160 3720 1225 3815 τῆς

164 4036 181 4092 3
183 4036 213 4091 3.
226 4014 423 4084 ὀποστὴσαντος
438 4015 523 4071 Barb.
546 4025 575 4073 et
596 4014 650 4072 Οι-
734 4034 784 4086 42.
798 4016 929 4087 γεγένηται
942 4013 1027 4071 Ταοτ.

122 4098 183 4157 tob.
734 4115 754 4168 4
755 4110 783 4173 5.
799 4096 891 4153 αὐτοὺς
905 4094 1005 4153 ottob.

163 4196 214 4251 40.
230 4176 316 4235 Barb.
331 4176 492 4251 Ζαμέτριδος.
528 4176 608 4235 Med.
627 4177 650 4234 οἱ
734 4190 751 4253 5
753 4194 783 4249 3.
813 4176 982 4233 ἀδιαλείπτοις
1007 4174 1094 4232 Taur.
1128 4176 1223 4233 Solus.

123 4260 194 4319 fides
207 4266 252 4317 est
264 4258 431 4335 apographo
445 4257 594 4322 Gronovii‚
608 4258 649 4315 le·
693 4258 749 4315 Alii
763 4257 909 4315 omittunt.

121 4342 184 4419 git:
205 4342 373 4413 Ιαμθλξιδος.
395 4338 506 4399 Ibidem
520 4337 550 4397 in
564 4338 650 4397 Bnrb.
734 4352 782 4415 55.
796 4338 982 4409 ὑποδεξαμένης
995 4336 1078 4394 codd.

121 4432 151 4481 et
165 4422 229 4482 ott.
244 4422 325 4481 deest
337 4422 406 4496 γίνιι
419 4422 539 4495 Θρακίον.
