2782 4972
173 300 239 366 268
615 296 834 362 ORIGENIS
1189 295 1276 361 VIIL
1291 317 1340 361 10-

176 462 244 561 Είη
268 459 304 538 δὲ
327 461 386 538 καὶ
410 456 483 538 ἀπὸ
507 456 661 538 ἑκάστου
678 464 752 538 τῶν
772 456 967 561 τριάκοντα
994 457 1144 538 αίιόνων
1167 456 1320 551 άπασαοο

175 588 250 666 ἰδέα
273 583 543 683 κατειλημμέναι
562 587 692 690 ψυχαὶ,
713 588 772 664 καὶ
798 583 915 691 φύσιν
937 584 1014 690 ἔχει
1042 584 1188 665 τούτων
1211 583 1284 664 ἑκά·

176 749 270 812 στην
294 713 314 793 δ
339 711 385 810 ἦν
408 710 471 791 τὸν
496 710 588 791 κατὰ
605 709 721 817 φύσιν
737 712 898 810 Ἰησοῦν,
919 711 961 791 δν
985 712 1123 796 ἐκεῖνος
1142 715 1164 792 ὁ
1181 746 1284 813 μουο·

176 838 280 942 γενὴς
312 843 332 918 ό
365 837 503 922 αίιόνιος
535 837 607 917 ἀπὸ
638 845 711 917 τῶν
743 839 894 917 αἰωνίων
921 837 1052 918 τόπων
1081 838 1282 918 ἐνεδύσατο.

178 968 264 1045 Εἰσὶ
291 963 328 1042 δὲ
361 965 457 1044 οῦτοι
487 962 663 1071 διάφοροι·
700 962 758 1042 διὰ
786 972 893 1044 τοῦτο
921 975 1106 1045 τοσαῦται
1139 965 1284 1068 αἱρέσεις

177 1090 322 1192 ζητοῦσι
343 1089 407 1171 τόν
421 1096 572 1191 Ἰησοῦν
590 1090 851 1196 περιμαχήτοις,
872 1094 933 1170 καὶ
958 1091 1046 1171 ἔστι
1071 1090 1212 1177 πάσαις
1235 1096 1317 1174 οἶ·93

177 1224 267 1301 κεῖος
285 1219 418 1314 αὐταῖς,
438 1217 538 1322 άλλη
556 1216 592 1295 δὲ
615 1218 733 1303 ἄλλος
750 1216 928 1321 ὁρώμενος
946 1217 1010 1296 ἀπ’
1032 1217 1161 1297 ἄλλου
1178 1215 1283 1296 πάτου

177 1346 232 1451 ἐφ’
250 1344 290 1424 ὃν
308 1345 443 1423 ἕκαστα
460 1343 615 1450 φέρεται,
629 1346 755 1450 φησὶν,
774 1347 832 1423 καὶ
850 1340 999 1422 σπεύδει
1020 1346 1190 1424 δοκοῦσα
1205 1352 1281 1423 τοῦ·

177 1507 241 1552 τον
274 1468 360 1549 εἶναι
392 1470 515 1569 μόνον,
546 1470 585 1554 ὅς
616 1471 714 1550 ε’στιυ
747 1472 855 1568 αὐτῆς
886 1467 1079 1569 συγγειιὴς
1110 1469 1202 1554 ἰ’διος
1230 1471 1283 1548 καὶ

176 1599 337 1697 πολίτης,
353 1597 394 1677 όν
408 1602 537 1677 ἰδοῦσα
553 1604 698 1700 πρῶτον
713 1597 802 1676 ἰ’διον
819 1594 1098 1698 ἐγνωρισμένως
1115 1595 1282 1701 ἀδελφόν,

176 1722 259 1809 τοῦς
285 1723 321 1803 δὲ
348 1724 488 1809 άλλους
513 1723 648 1808 νόθους·
709 1728 758 1804 Oi
782 1722 847 1822 μὲν
872 1723 936 1801 οῦν
960 1725 999 1801 ε’κ
1018 1730 1098 1803 τῶν
1119 1721 1298 1803 ῦποκάτωῐ

177 1852 298 1932 τόπων
324 1849 390 1950 τὴν
418 1849 531 1957 φύσιν
556 1851 707 1956 ἔχοντες,
733 1849 798 1934 τὰς
825 1848 912 1953 ὑπὲρ
940 1847 1075 1935 αὐτοῦς
1102 1849 1199 1935 ίδέας
1224 1859 1280 1929 τοῦ

179 1983 347 2081 Σωτῆρος
375 1981 458 2056 ἰδεῖν
482 1978 524 2056 οῦ
550 1976 728 2058 δύνανται·
763 1981 796 2055 oi
823 1975 861 2055 δὲ
884 1975 1035 2074 ἄνωθεν,
1058 1979 1193 2083 φησὶν,
1215 1975 1279 2055 άπὸ

177 2109 241 2204 τῆς
269 2102 413 2189 δεκάδος
439 2108 502 2202 τῆς
527 2103 640 2204 μέσης
658 2107 717 2183 καὶ
739 2106 803 2202 τῆς
828 2099 1003 2203 ὀγδοάδος
1026 2107 1096 2201 τῆς
1117 2104 1275 2206 ἆράπης,

179 2231 258 2311 ὅθεν
285 2229 392 2329 ἐσμὲν
421 2232 531 2328 ἡμεῖς,
552 2230 736 2332 λέγουσιν,
761 2231 825 2309 οῦκ
850 2230 889 2308 ἐκ
915 2228 1062 2331 με’ρους,
1084 2229 1173 2308 ἀλλ’
1197 2229 1297 2316 ὅλους

179 2358 278 2435 αὐτοὶ
298 2357 361 2434 τὸν
379 2357 527 2456 Ἰησοῦν
544 2357 608 2438 τὸν
628 2361 781 2461 Σωτῆρα
804 2357 922 2453 ἴσασι,
943 2357 1004 2434 καὶ
1029 2360 1125 2436 εἰσὶν
1150 2356 1276 2436 ἄνωθεν

178 2480 305 2562 τέλειοι
322 2481 437 2581 μόνοι,
458 2490 491 2563 oi
511 2485 548 2565 δὲ
567 2486 677 2564 ἄλλοι
695 2481 824 2568 πάντες
843 2486 881 2562 ε’κ
900 2481 1042 2585 με’ρους.

121 2631 163 2685 11
234 2616 359 2689 Ταῦτα
384 2608 448 2709 μὲν
474 2612 536 2690 οῦν
561 2609 718 2714 αὐτάρκη
741 2608 869 2712 νομίζω
886 2605 973 2687 εἶναι
992 2615 1070 2693 τοῖς
1088 2609 1127 2688 εὖ
1144 2614 1272 2714 πεφρο-

178 2737 305 2838 νηκόσι
329 2737 419 2841 πρὸς
443 2740 640 2839 ἐπίγνωσιν
659 2743 724 2837 τῆς
747 2744 820 2818 τῶν
838 2741 1014 2835 Δοκητιῦν
1041 2733 1273 2816 πολυπλόκου

179 2868 239 2943 καὶ
266 2863 477 2945 ἀσυστάτου
505 2864 684 2967 αἱρέσεως·
724 2864 757 2944 oi
786 2866 930 2962 πολλῆς
957 2860 1023 2960 μὲν
1053 2860 1195 2956 ἀβάτου
1223 2860 1273 2939 καὶ
1282 2892 1305 2930 10

178 2990 434 3091 ἀκαταλήπτου
458 2989 592 3092 λόγους
612 2990 932 3096 ἐπικεχειρημένους
948 2987 1181 3088 ποιήσαντες,
1204 2995 1272 3067 Ao·

178 3115 287 3216 κήτας
308 3117 453 3202 ἑαυτοὺς
477 3116 791 3221 προσηγόρευσαν.
834 3114 908 3195 Ὧν
928 3113 1030 3195 οὐτὸ
1054 3119 1174 3195 δοκεῖν
1196 3110 1274 3192 εἶναι

176 3241 274 3327 τινὰς
299 3255 538 3342 κατανοοῦμεν
562 3243 807 3344 ματαΐζοντας,
828 3240 929 3322 ἀλλὰ
953 3239 1020 3341 τὴν
1041 3244 1084 3320 ἐκ
1100 3239 1273 3337 malim

178 3371 268 3469 ῦλης
286 3368 391 3450 δοκόν
412 3373 449 3449 ε’ν
468 3375 649 3478 ὀφθαλμῷ
674 3368 869 3476 φερομένην
894 3367 1138 3473 διελίγχομεν,
1157 3368 1191 3446 εἴ
1204 3400 1274 3450 πως

176 3496 373 3602 διαβλέψαι
388 3501 602 3598 δυνηθῶσιν·
624 3502 783 3576 είδοῦκαν
796 3493 1051 3598 τομηεντέρους
1061 3501 1270 3601 τυφλοῦσα,
1283 3522 1306 3583 15

176 3619 228 3700 ὧν
254 3620 296 3701 τό
325 3621 442 3724 δόγμα
472 3625 621 3704 παλαιοὶ
645 3621 839 3723 Ἑλλήνων
866 3622 1047 3728 σοφισταὶ
1072 3621 1270 3725 προεσθφῖ·

177 3783 305 3846 σαντο,
326 3753 384 3828 καὶ
402 3751 448 3830 τὰ
464 3749 591 3830 πολλὰ
610 3753 658 3835 ὡς
675 3749 775 3830 ἔστιν
792 3750 983 3849 ἐπιγνῶναι
998 3745 1083 3832 τοῦς
1101 3742 1269 3852 ἐντυγχά-

218 4005 267 4059 91.
283 3986 369 4042 Initio
388 3986 492 4060 aliquid
511 3989 648 4045 excidisse
663 3990 703 4045 vi-
787 4007 814 4064 9.
830 3986 911 4044 Prius
925 3992 986 4042 erat
999 3988 1182 4041 πολυπλόκου.

177 4066 269 4122 detur.
313 4066 425 4122 Deinde
443 4066 510 4123 fort.
525 4070 594 4139 ἔχειν
611 4069 706 4125 τούτων
791 4086 836 4124 10.
852 4068 906 4123 Pro
920 4068 1021 4135 πολλῆς
1034 4064 1102 4121 fort.
1117 4066 1169 4122 ἀπὸ
1181 4066 1260 4134 δόξης.

177 4148 285 4216 ἑκάστην
297 4142 351 4200 οἷον
363 4149 408 4200 τὸν
420 4169 444 4202 ιι,
792 4166 836 4204 11.
852 4147 924 4204 Cod.
940 4148 1057 4216 δοκῆτας.

218 4227 265 4301 96.
281 4226 362 4283 Prius
374 4235 435 4283 erat
448 4226 544 4284 ἄλλως.
791 4246 835 4300 13.
851 4227 923 4284 Cod.
938 4223 1123 4297 ματαΐζοντα.

217 4320 265 4381 97.
282 4307 358 4362 Fort.
374 4309 474 4377 ἑκάστη.
792 4322 835 4383 15.
851 4308 930 4364 Fort.
948 4307 970 4361 ei
991 4307 1019 4362 δέ
1041 4308 1107 4381 (pro
1131 4307 1154 4361 εἴ
1173 4308 1201 4361 δὲ
1219 4306 1269 4374 μδ),

218 4405 265 4460 99.
282 4387 355 4444 cod.
370 4394 478 4459 πρῶτος.
747 4391 792 4445 οὐκ
806 4391 837 4445 δν
849 4391 909 4447 τοὺς
923 4386 1060 4461 ἡμετέρους
1072 4390 1245 4460 πιφλώσαιετ.
