<?xml version="1.0" encoding="UTF-8"?>
<!DOCTYPE html PUBLIC "-//W3C//DTD XHTML 1.0 Transitional//EN"
    "http://www.w3.org/TR/xhtml1/DTD/xhtml1-transitional.dtd">
<html xmlns="http://www.w3.org/1999/xhtml" xml:lang="en" lang="en">
 <head>
  <title>
</title>
<meta http-equiv="Content-Type" content="text/html;charset=utf-8" />
  <meta name='ocr-system' content='tesseract 3.04.00' />
  <meta name='ocr-capabilities' content='ocr_page ocr_carea ocr_par ocr_line ocrx_word'/>
</head>
<body>
  <div class='ocr_page' id='page_1' title='image "./origenisphiloso00origgoog_0057.png"; bbox 0 0 2782 4972; ppageno 0'>
   <div class='ocr_carea' id='block_1_1' title="bbox 126 281 1295 367">
    <p class='ocr_par' dir='ltr' id='par_1_1' title="bbox 126 281 1295 367">
     <span class='ocr_line' id='line_1_1' title="bbox 126 281 1295 367; baseline -0.001 -19"><span class='ocrx_word' id='word_1_1' title='bbox 126 286 170 348; x_wconf 69' lang='grc' dir='ltr'>σε</span> <span class='ocrx_word' id='word_1_2' title='bbox 571 281 786 347; x_wconf 74' lang='grc' dir='ltr'>οιιιειαυιε</span> <span class='ocrx_word' id='word_1_3' title='bbox 1176 284 1231 347; x_wconf 91' lang='lat' dir='ltr'>1v.</span> <span class='ocrx_word' id='word_1_4' title='bbox 1245 303 1295 367; x_wconf 78' lang='lat'>3-</span> 
     </span>
    </p>
   </div>
   <div class='ocr_carea' id='block_1_2' title="bbox 46 441 1264 3084">
    <p class='ocr_par' dir='ltr' id='par_1_2' title="bbox 46 441 1264 3084">
     <span class='ocr_line' id='line_1_2' title="bbox 123 441 1225 550; baseline 0.002 -27"><span class='ocrx_word' id='word_1_5' title='bbox 123 444 307 550; x_wconf 80' lang='grc' dir='ltr'>συνέχεται</span> <span class='ocrx_word' id='word_1_6' title='bbox 325 443 367 525; x_wconf 83' lang='grc' dir='ltr'>τὸ</span> <span class='ocrx_word' id='word_1_7' title='bbox 393 441 619 543; x_wconf 74' lang='grc' dir='ltr'>καταβληθὲν</span> <span class='ocrx_word' id='word_1_8' title='bbox 637 444 796 546; x_wconf 82' lang='grc' dir='ltr'>σπέρμα,</span> <span class='ocrx_word' id='word_1_9' title='bbox 823 443 880 521; x_wconf 84' lang='grc' dir='ltr'>ἵνα</span> <span class='ocrx_word' id='word_1_10' title='bbox 907 441 980 523; x_wconf 78' lang='grc' dir='ltr'>ἀπὸ</span> <span class='ocrx_word' id='word_1_11' title='bbox 1007 443 1139 525; x_wconf 68' lang='grc' dir='ltr'>τούτου</span> <span class='ocrx_word' id='word_1_12' title='bbox 1162 454 1225 525; x_wconf 72' lang='grc' dir='ltr'>τοῦ</span> 
     </span>
     <span class='ocr_line' id='line_1_3' title="bbox 121 570 1220 676; baseline 0.004 -28"><span class='ocrx_word' id='word_1_13' title='bbox 121 570 253 676; x_wconf 90' lang='grc' dir='ltr'>χρόνου</span> <span class='ocrx_word' id='word_1_14' title='bbox 281 570 472 671; x_wconf 74' lang='grc' dir='ltr'>στήσωσιν</span> <span class='ocrx_word' id='word_1_15' title='bbox 492 576 525 650; x_wconf 81' lang='grc' dir='ltr'>οἱ</span> <span class='ocrx_word' id='word_1_16' title='bbox 553 575 732 651; x_wconf 76' lang='grc' dir='ltr'>Χαλδαῖοι</span> <span class='ocrx_word' id='word_1_17' title='bbox 759 574 823 669; x_wconf 82' lang='grc' dir='ltr'>τῆς</span> <span class='ocrx_word' id='word_1_18' title='bbox 850 571 1021 671; x_wconf 71' lang='grc' dir='ltr'>γενεσεως</span> <span class='ocrx_word' id='word_1_19' title='bbox 1047 570 1114 652; x_wconf 87' lang='grc' dir='ltr'>τδν</span> <span class='ocrx_word' id='word_1_20' title='bbox 1132 577 1220 676; x_wconf 81' lang='grc' dir='ltr'>ὡρο·</span> 
     </span>
     <span class='ocr_line' id='line_1_4' title="bbox 121 698 273 777; baseline -0.007 -1"><span class='ocrx_word' id='word_1_21' title='bbox 121 698 273 777; x_wconf 90' lang='grc' dir='ltr'>σκόπον.</span> 
     </span>
     <span class='ocr_line' id='line_1_5' title="bbox 86 822 1221 932; baseline 0.001 -30"><span class='ocrx_word' id='word_1_22' title='bbox 86 845 112 917; x_wconf 92' lang='lat'>4</span> <span class='ocrx_word' id='word_1_23' title='bbox 176 822 305 931; x_wconf 83' lang='grc' dir='ltr'>Τούτῳ</span> <span class='ocrx_word' id='word_1_24' title='bbox 333 832 384 930; x_wconf 80' lang='grc' dir='ltr'>τῷ</span> <span class='ocrx_word' id='word_1_25' title='bbox 413 824 514 932; x_wconf 82' lang='grc' dir='ltr'>λόγῳ</span> <span class='ocrx_word' id='word_1_26' title='bbox 542 822 718 904; x_wconf 82' lang='grc' dir='ltr'>ἀδύνατόν</span> <span class='ocrx_word' id='word_1_27' title='bbox 735 827 836 904; x_wconf 86' lang='grc' dir='ltr'>ἐστιν</span> <span class='ocrx_word' id='word_1_28' title='bbox 853 826 892 902; x_wconf 91' lang='grc' dir='ltr'>ἐκ</span> <span class='ocrx_word' id='word_1_29' title='bbox 909 828 974 921; x_wconf 78' lang='grc' dir='ltr'>τῆς</span> <span class='ocrx_word' id='word_1_30' title='bbox 996 825 1221 931; x_wconf 73' lang='grc' dir='ltr'>συλλήψεως</span> 
     </span>
     <span class='ocr_line' id='line_1_6' title="bbox 120 947 1260 1055; baseline 0.005 -25"><span class='ocrx_word' id='word_1_31' title='bbox 120 954 257 1048; x_wconf 72' lang='grc' dir='ltr'>στῆσαι</span> <span class='ocrx_word' id='word_1_32' title='bbox 288 948 352 1029; x_wconf 83' lang='grc' dir='ltr'>τὸν</span> <span class='ocrx_word' id='word_1_33' title='bbox 385 949 610 1053; x_wconf 83' lang='grc' dir='ltr'>ὡροσκόπον.</span> <span class='ocrx_word' id='word_1_34' title='bbox 669 950 779 1030; x_wconf 90' lang='grc' dir='ltr'>Ἀλλ’</span> <span class='ocrx_word' id='word_1_35' title='bbox 810 948 889 1029; x_wconf 73' lang='grc' dir='ltr'>οὐδὲ</span> <span class='ocrx_word' id='word_1_36' title='bbox 924 947 970 1053; x_wconf 82' lang='grc' dir='ltr'>ἐξ</span> <span class='ocrx_word' id='word_1_37' title='bbox 1006 948 1216 1055; x_wconf 79' lang='grc' dir='ltr'>ἀποτέξεως.</span> <span class='ocrx_word' id='word_1_38' title='bbox 1232 981 1260 1020; x_wconf 86' lang='lat'>¹0</span> 
     </span>
     <span class='ocr_line' id='line_1_7' title="bbox 46 1074 1217 1179; baseline 0.003 -24"><span class='ocrx_word' id='word_1_39' title='bbox 46 1098 64 1163; x_wconf 87' lang='grc'>3</span> <span class='ocrx_word' id='word_1_40' title='bbox 85 1101 110 1143; x_wconf 84' lang='lat' dir='ltr'>r·</span> <span class='ocrx_word' id='word_1_41' title='bbox 122 1081 276 1178; x_wconf 85' lang='grc' dir='ltr'>Πρῶτον</span> <span class='ocrx_word' id='word_1_42' title='bbox 293 1074 358 1175; x_wconf 88' lang='grc' dir='ltr'>μέν</span> <span class='ocrx_word' id='word_1_43' title='bbox 377 1076 449 1179; x_wconf 82' lang='grc' dir='ltr'>γὰρ</span> <span class='ocrx_word' id='word_1_44' title='bbox 467 1074 604 1179; x_wconf 78' lang='grc' dir='ltr'>ἄπορόν</span> <span class='ocrx_word' id='word_1_45' title='bbox 622 1079 700 1156; x_wconf 88' lang='grc' dir='ltr'>ἐστι</span> <span class='ocrx_word' id='word_1_46' title='bbox 717 1075 774 1172; x_wconf 82' lang='grc' dir='ltr'>τὸ,</span> <span class='ocrx_word' id='word_1_47' title='bbox 793 1074 879 1156; x_wconf 92' lang='grc' dir='ltr'>πότε</span> <span class='ocrx_word' id='word_1_48' title='bbox 906 1074 1103 1179; x_wconf 65' lang='grc' dir='ltr'>ῥηθήσεται</span> <span class='ocrx_word' id='word_1_49' title='bbox 1130 1076 1217 1159; x_wconf 89' lang='grc' dir='ltr'>α’πό·</span> 
     </span>
     <span class='ocr_line' id='line_1_8' title="bbox 118 1199 1219 1306; baseline 0.003 -26"><span class='ocrx_word' id='word_1_50' title='bbox 118 1199 215 1305; x_wconf 83' lang='grc' dir='ltr'>τεξιν</span> <span class='ocrx_word' id='word_1_51' title='bbox 240 1200 338 1282; x_wconf 78' lang='grc' dir='ltr'>εἶναι·</span> <span class='ocrx_word' id='word_1_52' title='bbox 369 1200 440 1305; x_wconf 82' lang='grc' dir='ltr'>ἆρά</span> <span class='ocrx_word' id='word_1_53' title='bbox 469 1237 510 1304; x_wconf 94' lang='grc' dir='ltr'>γε</span> <span class='ocrx_word' id='word_1_54' title='bbox 538 1203 624 1283; x_wconf 78' lang='grc' dir='ltr'>όταν</span> <span class='ocrx_word' id='word_1_55' title='bbox 656 1202 809 1306; x_wconf 59' lang='grc' dir='ltr'>ἅρξγται</span> <span class='ocrx_word' id='word_1_56' title='bbox 836 1200 1052 1305; x_wconf 82' lang='grc' dir='ltr'>προκόπτειν</span> <span class='ocrx_word' id='word_1_57' title='bbox 1078 1208 1128 1290; x_wconf 85' lang='grc' dir='ltr'>είς</span> <span class='ocrx_word' id='word_1_58' title='bbox 1158 1204 1219 1286; x_wconf 79' lang='grc' dir='ltr'>τόν</span> 
     </span>
     <span class='ocr_line' id='line_1_9' title="bbox 118 1327 1218 1435; baseline 0.004 -28"><span class='ocrx_word' id='word_1_59' title='bbox 118 1328 257 1432; x_wconf 81' lang='grc' dir='ltr'>θυρεὸν,</span> <span class='ocrx_word' id='word_1_60' title='bbox 288 1328 311 1429; x_wconf 85' lang='grc' dir='ltr'>ἢ</span> <span class='ocrx_word' id='word_1_61' title='bbox 345 1331 432 1410; x_wconf 80' lang='grc' dir='ltr'>ὅταν</span> <span class='ocrx_word' id='word_1_62' title='bbox 461 1330 588 1431; x_wconf 83' lang='grc' dir='ltr'>ὀλίγον</span> <span class='ocrx_word' id='word_1_63' title='bbox 618 1329 762 1435; x_wconf 72' lang='grc' dir='ltr'>ἐξίσχῃ,</span> <span class='ocrx_word' id='word_1_64' title='bbox 798 1327 820 1428; x_wconf 78' lang='grc' dir='ltr'>ἦ</span> <span class='ocrx_word' id='word_1_65' title='bbox 851 1330 937 1408; x_wconf 75' lang='grc' dir='ltr'>όταν</span> <span class='ocrx_word' id='word_1_66' title='bbox 965 1334 1014 1414; x_wconf 83' lang='grc' dir='ltr'>είς</span> <span class='ocrx_word' id='word_1_67' title='bbox 1050 1328 1119 1429; x_wconf 71' lang='grc' dir='ltr'>τὴν</span> <span class='ocrx_word' id='word_1_68' title='bbox 1151 1337 1218 1433; x_wconf 77' lang='grc' dir='ltr'>γῆν</span> 
     </span>
     <span class='ocr_line' id='line_1_10' title="bbox 116 1455 1218 1563; baseline 0.005 -31"><span class='ocrx_word' id='word_1_69' title='bbox 116 1456 262 1561; x_wconf 78' lang='grc' dir='ltr'>ἐνεχθῇ;</span> <span class='ocrx_word' id='word_1_70' title='bbox 294 1457 365 1536; x_wconf 85' lang='grc' dir='ltr'>οὐδ</span> <span class='ocrx_word' id='word_1_71' title='bbox 385 1458 422 1535; x_wconf 93' lang='grc' dir='ltr'>ἐν</span> <span class='ocrx_word' id='word_1_72' title='bbox 439 1455 580 1563; x_wconf 81' lang='grc' dir='ltr'>ἑκάστῳ</span> <span class='ocrx_word' id='word_1_73' title='bbox 597 1457 734 1537; x_wconf 82' lang='grc' dir='ltr'>τούτων</span> <span class='ocrx_word' id='word_1_74' title='bbox 753 1456 903 1536; x_wconf 89' lang='grc' dir='ltr'>δυνατόν</span> <span class='ocrx_word' id='word_1_75' title='bbox 920 1460 999 1537; x_wconf 89' lang='grc' dir='ltr'>ἐστι</span> <span class='ocrx_word' id='word_1_76' title='bbox 1015 1455 1060 1537; x_wconf 88' lang='grc' dir='ltr'>τδ</span> <span class='ocrx_word' id='word_1_77' title='bbox 1077 1457 1218 1562; x_wconf 68' lang='grc' dir='ltr'>ἀκριβὲς</span> 
     </span>
     <span class='ocr_line' id='line_1_11' title="bbox 117 1581 1254 1689; baseline 0.002 -23"><span class='ocrx_word' id='word_1_78' title='bbox 117 1586 180 1679; x_wconf 76' lang='grc' dir='ltr'>τῆς</span> <span class='ocrx_word' id='word_1_79' title='bbox 210 1581 423 1686; x_wconf 83' lang='grc' dir='ltr'>ἀποδείξεως</span> <span class='ocrx_word' id='word_1_80' title='bbox 451 1584 723 1677; x_wconf 76' lang='grc' dir='ltr'>καταλαβέσθαι</span> <span class='ocrx_word' id='word_1_81' title='bbox 749 1581 772 1682; x_wconf 85' lang='grc' dir='ltr'>ἢ</span> <span class='ocrx_word' id='word_1_82' title='bbox 800 1581 932 1689; x_wconf 91' lang='grc' dir='ltr'>χρόνον</span> <span class='ocrx_word' id='word_1_83' title='bbox 952 1582 1086 1685; x_wconf 80' lang='grc' dir='ltr'>ὁρίζειν.</span> <span class='ocrx_word' id='word_1_84' title='bbox 1148 1590 1254 1668; x_wconf 70' lang='grc' dir='ltr'>Καίῐὸ</span> 
     </span>
     <span class='ocr_line' id='line_1_12' title="bbox 117 1706 1213 1816; baseline 0.003 -30"><span class='ocrx_word' id='word_1_85' title='bbox 117 1706 189 1810; x_wconf 79' lang='grc' dir='ltr'>γὰρ</span> <span class='ocrx_word' id='word_1_86' title='bbox 208 1708 265 1787; x_wconf 82' lang='grc' dir='ltr'>διὰ</span> <span class='ocrx_word' id='word_1_87' title='bbox 282 1707 506 1812; x_wconf 78' lang='grc' dir='ltr'>παράστημα</span> <span class='ocrx_word' id='word_1_88' title='bbox 525 1714 648 1816; x_wconf 76' lang='grc' dir='ltr'>ψυχῆς</span> <span class='ocrx_word' id='word_1_89' title='bbox 666 1713 724 1788; x_wconf 76' lang='grc' dir='ltr'>καὶ</span> <span class='ocrx_word' id='word_1_90' title='bbox 747 1711 788 1787; x_wconf 87' lang='grc' dir='ltr'>δι’</span> <span class='ocrx_word' id='word_1_91' title='bbox 809 1708 1071 1809; x_wconf 81' lang='grc' dir='ltr'>ἐπιτηδειότητα</span> <span class='ocrx_word' id='word_1_92' title='bbox 1087 1710 1213 1809; x_wconf 77' lang='grc' dir='ltr'>σώμα·</span> 
     </span>
     <span class='ocr_line' id='line_1_13' title="bbox 117 1834 1217 1940; baseline -0.001 -25"><span class='ocrx_word' id='word_1_93' title='bbox 117 1871 191 1935; x_wconf 90' lang='grc' dir='ltr'>τος,</span> <span class='ocrx_word' id='word_1_94' title='bbox 222 1839 280 1916; x_wconf 76' lang='grc' dir='ltr'>καὶ</span> <span class='ocrx_word' id='word_1_95' title='bbox 313 1834 371 1915; x_wconf 79' lang='grc' dir='ltr'>διὰ</span> <span class='ocrx_word' id='word_1_96' title='bbox 399 1838 608 1940; x_wconf 89' lang='grc' dir='ltr'>προαίρεσιν</span> <span class='ocrx_word' id='word_1_97' title='bbox 632 1843 705 1915; x_wconf 82' lang='grc' dir='ltr'>τῶν</span> <span class='ocrx_word' id='word_1_98' title='bbox 730 1834 863 1933; x_wconf 87' lang='grc' dir='ltr'>τόπων,</span> <span class='ocrx_word' id='word_1_99' title='bbox 890 1837 949 1915; x_wconf 76' lang='grc' dir='ltr'>καὶ</span> <span class='ocrx_word' id='word_1_100' title='bbox 976 1834 1018 1913; x_wconf 92' lang='grc' dir='ltr'>δι’</span> <span class='ocrx_word' id='word_1_101' title='bbox 1038 1838 1217 1940; x_wconf 83' lang='grc' dir='ltr'>ἐμπειρίαν</span> 
     </span>
     <span class='ocr_line' id='line_1_14' title="bbox 116 1960 1217 2069; baseline -0.001 -25"><span class='ocrx_word' id='word_1_102' title='bbox 116 1966 223 2062; x_wconf 84' lang='grc' dir='ltr'>μαίας</span> <span class='ocrx_word' id='word_1_103' title='bbox 241 1968 299 2044; x_wconf 87' lang='grc' dir='ltr'>καὶ</span> <span class='ocrx_word' id='word_1_104' title='bbox 317 1964 437 2048; x_wconf 77' lang='grc' dir='ltr'>ἄλλας</span> <span class='ocrx_word' id='word_1_105' title='bbox 455 1964 619 2065; x_wconf 79' lang='grc' dir='ltr'>ἀπείρους</span> <span class='ocrx_word' id='word_1_106' title='bbox 636 1960 848 2069; x_wconf 79' lang='grc' dir='ltr'>προφάσεις,</span> <span class='ocrx_word' id='word_1_107' title='bbox 865 1965 932 2068; x_wconf 83' lang='grc' dir='ltr'>οὐχ</span> <span class='ocrx_word' id='word_1_108' title='bbox 956 1965 976 2041; x_wconf 86' lang='grc' dir='ltr'>ὁ</span> <span class='ocrx_word' id='word_1_109' title='bbox 1003 1961 1110 2047; x_wconf 81' lang='grc' dir='ltr'>αι’πός</span> <span class='ocrx_word' id='word_1_110' title='bbox 1141 1966 1217 2045; x_wconf 83' lang='grc' dir='ltr'>ἐστι</span> 
     </span>
     <span class='ocr_line' id='line_1_15' title="bbox 116 2087 1216 2197; baseline -0.002 -26"><span class='ocrx_word' id='word_1_111' title='bbox 116 2094 245 2197; x_wconf 87' lang='grc' dir='ltr'>χρόνος</span> <span class='ocrx_word' id='word_1_112' title='bbox 273 2095 349 2172; x_wconf 86' lang='grc' dir='ltr'>καθ</span> <span class='ocrx_word' id='word_1_113' title='bbox 371 2092 411 2172; x_wconf 79' lang='grc' dir='ltr'>ὃν</span> <span class='ocrx_word' id='word_1_114' title='bbox 429 2088 623 2194; x_wconf 83' lang='grc' dir='ltr'>προκύπτει</span> <span class='ocrx_word' id='word_1_115' title='bbox 641 2088 684 2169; x_wconf 80' lang='grc' dir='ltr'>τό</span> <span class='ocrx_word' id='word_1_116' title='bbox 707 2087 923 2190; x_wconf 80' lang='grc' dir='ltr'>τικτόμενον,</span> <span class='ocrx_word' id='word_1_117' title='bbox 944 2088 1127 2194; x_wconf 74' lang='grc' dir='ltr'>ῥαγέντων</span> <span class='ocrx_word' id='word_1_118' title='bbox 1145 2098 1216 2170; x_wconf 83' lang='grc' dir='ltr'>τῶν</span> 
     </span>
     <span class='ocr_line' id='line_1_16' title="bbox 118 2213 1259 2318; baseline 0 -21"><span class='ocrx_word' id='word_1_119' title='bbox 118 2219 266 2318; x_wconf 77' lang='grc' dir='ltr'>ὑμένων,</span> <span class='ocrx_word' id='word_1_120' title='bbox 287 2216 310 2316; x_wconf 85' lang='grc' dir='ltr'>ἢ</span> <span class='ocrx_word' id='word_1_121' title='bbox 343 2216 442 2303; x_wconf 81' lang='grc' dir='ltr'>ἐκτὸς</span> <span class='ocrx_word' id='word_1_122' title='bbox 468 2218 595 2318; x_wconf 89' lang='grc' dir='ltr'>ὀλίγον</span> <span class='ocrx_word' id='word_1_123' title='bbox 619 2219 761 2318; x_wconf 85' lang='grc' dir='ltr'>γίνεται,</span> <span class='ocrx_word' id='word_1_124' title='bbox 786 2214 809 2314; x_wconf 85' lang='grc' dir='ltr'>ἢ</span> <span class='ocrx_word' id='word_1_125' title='bbox 839 2222 887 2301; x_wconf 85' lang='grc' dir='ltr'>είς</span> <span class='ocrx_word' id='word_1_126' title='bbox 916 2213 982 2314; x_wconf 83' lang='grc' dir='ltr'>τὴν</span> <span class='ocrx_word' id='word_1_127' title='bbox 1008 2220 1080 2316; x_wconf 81' lang='grc' dir='ltr'>γῆν</span> <span class='ocrx_word' id='word_1_128' title='bbox 1105 2243 1259 2297; x_wconf 58' lang='grc' dir='ltr'>κατα·10</span> 
     </span>
     <span class='ocr_line' id='line_1_17' title="bbox 117 2339 1218 2451; baseline 0.005 -31"><span class='ocrx_word' id='word_1_129' title='bbox 117 2343 271 2449; x_wconf 71' lang='grc' dir='ltr'>φέρεται,</span> <span class='ocrx_word' id='word_1_130' title='bbox 287 2342 373 2421; x_wconf 76' lang='grc' dir='ltr'>ἄλλ’</span> <span class='ocrx_word' id='word_1_131' title='bbox 393 2343 509 2426; x_wconf 78' lang='grc' dir='ltr'>ἄλλος</span> <span class='ocrx_word' id='word_1_132' title='bbox 527 2344 579 2423; x_wconf 80' lang='grc' dir='ltr'>ἐπ’</span> <span class='ocrx_word' id='word_1_133' title='bbox 596 2344 715 2451; x_wconf 76' lang='grc' dir='ltr'>ἄλλῳ.</span> <span class='ocrx_word' id='word_1_134' title='bbox 743 2341 820 2422; x_wconf 87' lang='grc' dir='ltr'>Ὃν</span> <span class='ocrx_word' id='word_1_135' title='bbox 838 2339 1014 2442; x_wconf 82' lang='grc' dir='ltr'>πόλινμὴ</span> <span class='ocrx_word' id='word_1_136' title='bbox 1030 2340 1218 2445; x_wconf 86' lang='grc' dir='ltr'>δυνάμενοι</span> 
     </span>
     <span class='ocr_line' id='line_1_18' title="bbox 118 2467 1217 2572; baseline 0.005 -26"><span class='ocrx_word' id='word_1_137' title='bbox 118 2467 322 2570; x_wconf 72' lang='grc' dir='ltr'>ὡρισμένως</span> <span class='ocrx_word' id='word_1_138' title='bbox 340 2471 398 2548; x_wconf 80' lang='grc' dir='ltr'>καὶ</span> <span class='ocrx_word' id='word_1_139' title='bbox 417 2470 573 2572; x_wconf 82' lang='grc' dir='ltr'>ἀκριβῶς</span> <span class='ocrx_word' id='word_1_140' title='bbox 591 2471 877 2571; x_wconf 79' lang='grc' dir='ltr'>σταθμήσασθαι</span> <span class='ocrx_word' id='word_1_141' title='bbox 896 2476 929 2549; x_wconf 86' lang='grc' dir='ltr'>οἱ</span> <span class='ocrx_word' id='word_1_142' title='bbox 947 2474 1143 2570; x_wconf 85' lang='grc' dir='ltr'>Χαλδαῖοι,</span> <span class='ocrx_word' id='word_1_143' title='bbox 1159 2474 1217 2552; x_wconf 88' lang='grc' dir='ltr'>ἐκ·</span> 
     </span>
     <span class='ocr_line' id='line_1_19' title="bbox 115 2595 1217 2702; baseline 0.005 -25"><span class='ocrx_word' id='word_1_144' title='bbox 115 2604 308 2677; x_wconf 87' lang='grc' dir='ltr'>πεσοῦνται</span> <span class='ocrx_word' id='word_1_145' title='bbox 326 2605 390 2677; x_wconf 84' lang='grc' dir='ltr'>τοῦ</span> <span class='ocrx_word' id='word_1_146' title='bbox 410 2596 558 2683; x_wconf 87' lang='grc' dir='ltr'>δεόντως</span> <span class='ocrx_word' id='word_1_147' title='bbox 575 2595 641 2697; x_wconf 82' lang='grc' dir='ltr'>τὴν</span> <span class='ocrx_word' id='word_1_148' title='bbox 659 2602 723 2697; x_wconf 79' lang='grc' dir='ltr'>τῆς</span> <span class='ocrx_word' id='word_1_149' title='bbox 741 2596 954 2701; x_wconf 80' lang='grc' dir='ltr'>ἀποδείξεως</span> <span class='ocrx_word' id='word_1_150' title='bbox 967 2596 1065 2702; x_wconf 75' lang='grc' dir='ltr'>ὥραν</span> <span class='ocrx_word' id='word_1_151' title='bbox 1079 2599 1217 2702; x_wconf 81' lang='grc' dir='ltr'>ὁρίζειν.</span> 
     </span>
     <span class='ocr_line' id='line_1_20' title="bbox 109 2720 1221 2830; baseline 0 -27"><span class='ocrx_word' id='word_1_152' title='bbox 109 2720 197 2803; x_wconf 80' lang='grc' dir='ltr'>’Ότι</span> <span class='ocrx_word' id='word_1_153' title='bbox 225 2721 290 2823; x_wconf 89' lang='grc' dir='ltr'>μέν</span> <span class='ocrx_word' id='word_1_154' title='bbox 322 2726 384 2804; x_wconf 81' lang='grc' dir='ltr'>οὖν</span> <span class='ocrx_word' id='word_1_155' title='bbox 412 2724 700 2826; x_wconf 71' lang='grc' dir='ltr'>ἐπαγγέλλονται</span> <span class='ocrx_word' id='word_1_156' title='bbox 731 2728 789 2804; x_wconf 83' lang='grc' dir='ltr'>ἐπὶ</span> <span class='ocrx_word' id='word_1_157' title='bbox 820 2731 895 2809; x_wconf 74' lang='grc' dir='ltr'>τοῖς</span> <span class='ocrx_word' id='word_1_158' title='bbox 920 2728 984 2823; x_wconf 76' lang='grc' dir='ltr'>τῆς</span> <span class='ocrx_word' id='word_1_159' title='bbox 1013 2725 1221 2830; x_wconf 80' lang='grc' dir='ltr'>ἀπστέξεως</span> 
     </span>
     <span class='ocr_line' id='line_1_21' title="bbox 116 2849 1264 2955; baseline -0.003 -25"><span class='ocrx_word' id='word_1_160' title='bbox 116 2851 257 2955; x_wconf 86' lang='grc' dir='ltr'>χρόνοις</span> <span class='ocrx_word' id='word_1_161' title='bbox 295 2857 327 2930; x_wconf 84' lang='grc' dir='ltr'>οἱ</span> <span class='ocrx_word' id='word_1_162' title='bbox 364 2855 543 2931; x_wconf 86' lang='grc' dir='ltr'>Χαλδαῖοι</span> <span class='ocrx_word' id='word_1_163' title='bbox 578 2849 640 2931; x_wconf 81' lang='grc' dir='ltr'>τόν</span> <span class='ocrx_word' id='word_1_164' title='bbox 673 2852 887 2954; x_wconf 84' lang='grc' dir='ltr'>ὡροσκόπον</span> <span class='ocrx_word' id='word_1_165' title='bbox 917 2849 1119 2952; x_wconf 79' lang='grc' dir='ltr'>γινώσκειν,</span> <span class='ocrx_word' id='word_1_166' title='bbox 1154 2857 1264 2945; x_wconf 73' lang='grc' dir='ltr'>οόκι5</span> 
     </span>
     <span class='ocr_line' id='line_1_22' title="bbox 117 2975 1220 3084; baseline 0.005 -27"><span class='ocrx_word' id='word_1_167' title='bbox 117 2977 221 3057; x_wconf 79' lang='grc' dir='ltr'>ἴσασι</span> <span class='ocrx_word' id='word_1_168' title='bbox 244 2975 290 3073; x_wconf 86' lang='grc' dir='ltr'>δέ,</span> <span class='ocrx_word' id='word_1_169' title='bbox 308 2979 346 3055; x_wconf 89' lang='grc' dir='ltr'>ἐκ</span> <span class='ocrx_word' id='word_1_170' title='bbox 370 2977 506 3057; x_wconf 81' lang='grc' dir='ltr'>τούτων</span> <span class='ocrx_word' id='word_1_171' title='bbox 531 2978 729 3084; x_wconf 82' lang='grc' dir='ltr'>συμφανές·</span> <span class='ocrx_word' id='word_1_172' title='bbox 762 2979 816 3058; x_wconf 84' lang='grc' dir='ltr'>ότι</span> <span class='ocrx_word' id='word_1_173' title='bbox 839 2979 875 3057; x_wconf 86' lang='grc' dir='ltr'>δέ</span> <span class='ocrx_word' id='word_1_174' title='bbox 894 2976 973 3058; x_wconf 84' lang='grc' dir='ltr'>οὐδέ</span> <span class='ocrx_word' id='word_1_175' title='bbox 989 2976 1032 3058; x_wconf 87' lang='grc' dir='ltr'>τδ</span> <span class='ocrx_word' id='word_1_176' title='bbox 1051 2980 1220 3081; x_wconf 88' lang='grc' dir='ltr'>ὡροσκό·</span> 
     </span>
    </p>
   </div>
   <div class='ocr_carea' id='block_1_3' title="bbox 110 3287 1220 4333">
    <p class='ocr_par' dir='ltr' id='par_1_3' title="bbox 110 3287 1220 4333">
     <span class='ocr_line' id='line_1_23' title="bbox 155 3287 1139 3365; baseline 0.005 -21"><span class='ocrx_word' id='word_1_177' title='bbox 155 3288 184 3344; x_wconf 91' lang='grc'>6.</span> <span class='ocrx_word' id='word_1_178' title='bbox 201 3287 279 3345; x_wconf 89' lang='lat' dir='ltr'>Sext.</span> <span class='ocrx_word' id='word_1_179' title='bbox 294 3288 334 3345; x_wconf 78' lang='grc' dir='ltr'>ἵνα</span> <span class='ocrx_word' id='word_1_180' title='bbox 350 3294 391 3346; x_wconf 79' lang='grc' dir='ltr'>καὶ</span> <span class='ocrx_word' id='word_1_181' title='bbox 406 3292 457 3348; x_wconf 76' lang='grc' dir='ltr'>ἀπὸ</span> <span class='ocrx_word' id='word_1_182' title='bbox 470 3292 563 3347; x_wconf 79' lang='grc' dir='ltr'>τούτου</span> <span class='ocrx_word' id='word_1_183' title='bbox 576 3315 599 3347; x_wconf 85' lang='grc' dir='ltr'>τ.</span> <span class='ocrx_word' id='word_1_184' title='bbox 615 3317 642 3364; x_wconf 92' lang='grc' dir='ltr'>χ.</span> <span class='ocrx_word' id='word_1_185' title='bbox 730 3307 773 3363; x_wconf 89' lang='lat'>17.</span> <span class='ocrx_word' id='word_1_186' title='bbox 790 3293 869 3348; x_wconf 83' lang='lat' dir='ltr'><strong>Sext.</strong></span> <span class='ocrx_word' id='word_1_187' title='bbox 884 3295 1002 3365; x_wconf 81' lang='grc' dir='ltr'>καὶπρὸς</span> <span class='ocrx_word' id='word_1_188' title='bbox 1016 3293 1139 3349; x_wconf 75' lang='grc' dir='ltr'>διάθεσιν.</span> 
     </span>
     <span class='ocr_line' id='line_1_24' title="bbox 114 3370 1179 3446; baseline 0.008 -22"><span class='ocrx_word' id='word_1_189' title='bbox 114 3370 285 3440; x_wconf 70' lang='grc' dir='ltr'>συστήσασα</span> <span class='ocrx_word' id='word_1_190' title='bbox 298 3375 323 3427; x_wconf 76' lang='grc' dir='ltr'>οἱ</span> <span class='ocrx_word' id='word_1_191' title='bbox 336 3381 367 3427; x_wconf 82' lang='grc' dir='ltr'>Χ.</span> <span class='ocrx_word' id='word_1_192' title='bbox 382 3375 427 3428; x_wconf 80' lang='grc' dir='ltr'>τὸν</span> <span class='ocrx_word' id='word_1_193' title='bbox 440 3376 484 3442; x_wconf 74' lang='grc' dir='ltr'>τῆς</span> <span class='ocrx_word' id='word_1_194' title='bbox 497 3397 523 3445; x_wconf 93' lang='grc' dir='ltr'>γ.</span> <span class='ocrx_word' id='word_1_195' title='bbox 540 3376 585 3446; x_wconf 85' lang='grc' dir='ltr'>ὧρ.</span> <span class='ocrx_word' id='word_1_196' title='bbox 724 3372 762 3428; x_wconf 84' lang='lat' dir='ltr'>ib.</span> <span class='ocrx_word' id='word_1_197' title='bbox 778 3372 850 3430; x_wconf 86' lang='lat' dir='ltr'><strong>Cod.</strong></span> <span class='ocrx_word' id='word_1_198' title='bbox 866 3375 907 3428; x_wconf 75' lang='grc' dir='ltr'>διὸ</span> <span class='ocrx_word' id='word_1_199' title='bbox 920 3374 1049 3446; x_wconf 77' lang='grc' dir='ltr'>ἐμπειρίαν</span> <span class='ocrx_word' id='word_1_200' title='bbox 1062 3375 1116 3444; x_wconf 76' lang='grc' dir='ltr'>ἅμα</span> <span class='ocrx_word' id='word_1_201' title='bbox 1130 3379 1179 3432; x_wconf 83' lang='grc' dir='ltr'>καί.</span> 
     </span>
     <span class='ocr_line' id='line_1_25' title="bbox 159 3450 1220 3527; baseline 0.008 -21"><span class='ocrx_word' id='word_1_202' title='bbox 159 3469 203 3506; x_wconf 85' lang='grc' dir='ltr'>ιο.</span> <span class='ocrx_word' id='word_1_203' title='bbox 233 3450 314 3508; x_wconf 82' lang='lat' dir='ltr'>Sext.</span> <span class='ocrx_word' id='word_1_204' title='bbox 333 3452 368 3507; x_wconf 87' lang='lat' dir='ltr'>V.</span> <span class='ocrx_word' id='word_1_205' title='bbox 391 3458 406 3522; x_wconf 62' lang='grc' dir='ltr'>ς</span> <span class='ocrx_word' id='word_1_206' title='bbox 429 3454 478 3523; x_wconf 88' lang='lat'>64.</span> <span class='ocrx_word' id='word_1_207' title='bbox 505 3459 550 3508; x_wconf 87' lang='grc' dir='ltr'>τὸν</span> <span class='ocrx_word' id='word_1_208' title='bbox 576 3456 642 3526; x_wconf 84' lang='grc' dir='ltr'>ὡρο-</span> <span class='ocrx_word' id='word_1_209' title='bbox 727 3471 771 3509; x_wconf 86' lang='lat'>20.</span> <span class='ocrx_word' id='word_1_210' title='bbox 787 3452 860 3510; x_wconf 87' lang='lat' dir='ltr'>Cod.</span> <span class='ocrx_word' id='word_1_211' title='bbox 876 3454 946 3517; x_wconf 75' lang='grc' dir='ltr'>ὅλον,</span> <span class='ocrx_word' id='word_1_212' title='bbox 962 3453 1038 3527; x_wconf 91' lang='lat' dir='ltr'>quod</span> <span class='ocrx_word' id='word_1_213' title='bbox 1052 3457 1165 3513; x_wconf 79' lang='lat' dir='ltr'><strong>correxi</strong></span> <span class='ocrx_word' id='word_1_214' title='bbox 1181 3477 1220 3516; x_wconf 84' lang='lat' dir='ltr'>ex</span> 
     </span>
     <span class='ocr_line' id='line_1_26' title="bbox 114 3532 784 3604; baseline 0.007 -19"><span class='ocrx_word' id='word_1_215' title='bbox 114 3535 211 3587; x_wconf 84' lang='grc' dir='ltr'>σκόπον</span> <span class='ocrx_word' id='word_1_216' title='bbox 224 3532 334 3587; x_wconf 74' lang='grc' dir='ltr'>ἑστάναι.</span> <span class='ocrx_word' id='word_1_217' title='bbox 377 3536 426 3589; x_wconf 73' lang='grc' dir='ltr'>Καὶ</span> <span class='ocrx_word' id='word_1_218' title='bbox 445 3536 495 3604; x_wconf 67' lang='grc' dir='ltr'>μὴν</span> <span class='ocrx_word' id='word_1_219' title='bbox 512 3535 570 3589; x_wconf 69' lang='grc' dir='ltr'>οὐδὲ</span> <span class='ocrx_word' id='word_1_220' title='bbox 591 3535 642 3590; x_wconf 77' lang='grc' dir='ltr'>ἀπὸ</span> <span class='ocrx_word' id='word_1_221' title='bbox 683 3533 784 3591; x_wconf 75' lang='lat' dir='ltr'><strong>Sexto·</strong></span> 
     </span>
     <span class='ocr_line' id='line_1_27' title="bbox 113 3611 1220 3688; baseline 0.011 -24"><span class='ocrx_word' id='word_1_222' title='bbox 113 3611 214 3680; x_wconf 73' lang='grc' dir='ltr'>τίξιος.</span> <span class='ocrx_word' id='word_1_223' title='bbox 258 3611 331 3669; x_wconf 87' lang='lat' dir='ltr'>Cod.</span> <span class='ocrx_word' id='word_1_224' title='bbox 346 3614 424 3668; x_wconf 76' lang='grc' dir='ltr'>ἄλλοι</span> <span class='ocrx_word' id='word_1_225' title='bbox 437 3615 474 3669; x_wconf 81' lang='grc' dir='ltr'>δέ.</span> <span class='ocrx_word' id='word_1_226' title='bbox 727 3631 775 3670; x_wconf 87' lang='lat'>21.</span> <span class='ocrx_word' id='word_1_227' title='bbox 791 3613 863 3671; x_wconf 87' lang='lat' dir='ltr'>Cod.</span> <span class='ocrx_word' id='word_1_228' title='bbox 884 3616 919 3670; x_wconf 70' lang='grc' dir='ltr'>ὢν</span> <span class='ocrx_word' id='word_1_229' title='bbox 940 3633 991 3688; x_wconf 86' lang='lat' dir='ltr'>pro</span> <span class='ocrx_word' id='word_1_230' title='bbox 1011 3614 1050 3670; x_wconf 83' lang='grc' dir='ltr'>ὅν.</span> <span class='ocrx_word' id='word_1_231' title='bbox 1094 3615 1220 3675; x_wconf 85' lang='lat' dir='ltr'><strong>Correxi</strong></span> 
     </span>
     <span class='ocr_line' id='line_1_28' title="bbox 158 3691 833 3765; baseline 0.004 -18"><span class='ocrx_word' id='word_1_232' title='bbox 158 3709 203 3748; x_wconf 88' lang='lat'>11.</span> <span class='ocrx_word' id='word_1_233' title='bbox 220 3691 299 3749; x_wconf 68' lang='lat' dir='ltr'>Sext</span> <span class='ocrx_word' id='word_1_234' title='bbox 313 3693 411 3765; x_wconf 75' lang='grc' dir='ltr'>ῥητέον.</span> <span class='ocrx_word' id='word_1_235' title='bbox 685 3715 719 3752; x_wconf 88' lang='lat' dir='ltr'>ex</span> <span class='ocrx_word' id='word_1_236' title='bbox 735 3694 833 3752; x_wconf 82' lang='lat' dir='ltr'><strong>Sexto.</strong></span> 
     </span>
     <span class='ocr_line' id='line_1_29' title="bbox 156 3773 1077 3847; baseline 0.003 -18"><span class='ocrx_word' id='word_1_237' title='bbox 156 3788 201 3842; x_wconf 80' lang='lat'>13.</span> <span class='ocrx_word' id='word_1_238' title='bbox 217 3773 293 3830; x_wconf 81' lang='lat' dir='ltr'><strong>Sext.</strong></span> <span class='ocrx_word' id='word_1_239' title='bbox 308 3777 403 3831; x_wconf 82' lang='grc' dir='ltr'>ὁπόταν</span> <span class='ocrx_word' id='word_1_240' title='bbox 415 3775 532 3847; x_wconf 74' lang='grc' dir='ltr'>ἄρχηται.</span> <span class='ocrx_word' id='word_1_241' title='bbox 728 3792 773 3832; x_wconf 86' lang='lat'>22.</span> <span class='ocrx_word' id='word_1_242' title='bbox 791 3775 863 3832; x_wconf 91' lang='lat' dir='ltr'>Cod.</span> <span class='ocrx_word' id='word_1_243' title='bbox 880 3776 1077 3847; x_wconf 81' lang='grc' dir='ltr'>σταθμίσεσθαι.</span> 
     </span>
     <span class='ocr_line' id='line_1_30' title="bbox 152 3852 986 3930; baseline 0.007 -23"><span class='ocrx_word' id='word_1_244' title='bbox 152 3852 190 3909; x_wconf 87' lang='lat' dir='ltr'>ib.</span> <span class='ocrx_word' id='word_1_245' title='bbox 207 3853 285 3912; x_wconf 83' lang='lat' dir='ltr'><strong>Sext.</strong></span> <span class='ocrx_word' id='word_1_246' title='bbox 315 3856 351 3912; x_wconf 78' lang='grc' dir='ltr'>εἰς</span> <span class='ocrx_word' id='word_1_247' title='bbox 381 3857 488 3927; x_wconf 69' lang='grc' dir='ltr'>ψυχρὸν</span> <span class='ocrx_word' id='word_1_248' title='bbox 524 3855 586 3927; x_wconf 80' lang='grc' dir='ltr'>ἐέρα</span> <span class='ocrx_word' id='word_1_249' title='bbox 614 3858 644 3909; x_wconf 83' lang='grc' dir='ltr'>τὸ</span> <span class='ocrx_word' id='word_1_250' title='bbox 727 3874 742 3912; x_wconf 86' lang='lat'><em>2</em></span> <span class='ocrx_word' id='word_1_251' title='bbox 747 3874 773 3930; x_wconf 81' lang='lat'>3.</span> <span class='ocrx_word' id='word_1_252' title='bbox 789 3856 860 3914; x_wconf 86' lang='lat' dir='ltr'><strong>Cod.</strong></span> <span class='ocrx_word' id='word_1_253' title='bbox 875 3858 986 3913; x_wconf 81' lang='grc' dir='ltr'>δέοντος.</span> 
     </span>
     <span class='ocr_line' id='line_1_31' title="bbox 111 3933 1219 4009; baseline 0.008 -21"><span class='ocrx_word' id='word_1_254' title='bbox 111 3933 315 4004; x_wconf 77' lang='grc' dir='ltr'>ἀποτικτόμενον.</span> <span class='ocrx_word' id='word_1_255' title='bbox 726 3954 773 4007; x_wconf 83' lang='lat'>24.</span> <span class='ocrx_word' id='word_1_256' title='bbox 788 3936 869 3994; x_wconf 81' lang='lat' dir='ltr'><strong>Sext.</strong></span> <span class='ocrx_word' id='word_1_257' title='bbox 892 3939 922 3991; x_wconf 89' lang='grc' dir='ltr'>τδ</span> <span class='ocrx_word' id='word_1_258' title='bbox 946 3937 1011 3993; x_wconf 84' lang='grc' dir='ltr'>ὅσον</span> <span class='ocrx_word' id='word_1_259' title='bbox 1031 3939 1074 3996; x_wconf 75' lang='grc' dir='ltr'>ἐπὶ</span> <span class='ocrx_word' id='word_1_260' title='bbox 1097 3941 1153 3995; x_wconf 81' lang='grc' dir='ltr'>τοῖς</span> <span class='ocrx_word' id='word_1_261' title='bbox 1170 3942 1219 4009; x_wconf 75' lang='grc' dir='ltr'>τῆς</span> 
     </span>
     <span class='ocr_line' id='line_1_32' title="bbox 152 4013 1215 4092; baseline 0.004 -22"><span class='ocrx_word' id='word_1_262' title='bbox 152 4013 189 4071; x_wconf 92' lang='lat' dir='ltr'>ib.</span> <span class='ocrx_word' id='word_1_263' title='bbox 205 4014 278 4072; x_wconf 83' lang='lat' dir='ltr'><strong>eod.</strong></span> <span class='ocrx_word' id='word_1_264' title='bbox 289 4015 360 4081; x_wconf 77' lang='grc' dir='ltr'>ὅλον,</span> <span class='ocrx_word' id='word_1_265' title='bbox 375 4034 448 4072; x_wconf 84' lang='lat' dir='ltr'><strong>corr.</strong></span> <span class='ocrx_word' id='word_1_266' title='bbox 464 4034 500 4072; x_wconf 86' lang='lat' dir='ltr'>ex</span> <span class='ocrx_word' id='word_1_267' title='bbox 515 4015 614 4073; x_wconf 85' lang='lat' dir='ltr'><strong>Sexto.</strong></span> <span class='ocrx_word' id='word_1_268' title='bbox 683 4018 728 4074; x_wconf 80' lang='grc' dir='ltr'>ἀπ.</span> <span class='ocrx_word' id='word_1_269' title='bbox 743 4041 788 4090; x_wconf 84' lang='grc' dir='ltr'>χρ.</span> <span class='ocrx_word' id='word_1_270' title='bbox 804 4019 895 4089; x_wconf 79' lang='grc' dir='ltr'>ἐπογγ.</span> <span class='ocrx_word' id='word_1_271' title='bbox 907 4019 954 4087; x_wconf 68' lang='grc' dir='ltr'>μέν</span> <span class='ocrx_word' id='word_1_272' title='bbox 966 4021 1011 4073; x_wconf 79' lang='grc' dir='ltr'>τὸν</span> <span class='ocrx_word' id='word_1_273' title='bbox 1024 4020 1071 4091; x_wconf 74' lang='grc' dir='ltr'>ὁρ.</span> <span class='ocrx_word' id='word_1_274' title='bbox 1083 4021 1215 4092; x_wconf 65' lang='lat' dir='ltr'>ymm-</span> 
     </span>
     <span class='ocr_line' id='line_1_33' title="bbox 155 4093 756 4168; baseline 0.003 -18"><span class='ocrx_word' id='word_1_275' title='bbox 155 4112 200 4167; x_wconf 88' lang='lat'>14.</span> <span class='ocrx_word' id='word_1_276' title='bbox 216 4093 296 4152; x_wconf 84' lang='lat' dir='ltr'>Sext.</span> <span class='ocrx_word' id='word_1_277' title='bbox 323 4097 468 4168; x_wconf 77' lang='grc' dir='ltr'>κατενεχθῇ·</span> <span class='ocrx_word' id='word_1_278' title='bbox 500 4093 555 4152; x_wconf 76' lang='grc' dir='ltr'>εἶτα</span> <span class='ocrx_word' id='word_1_279' title='bbox 582 4098 641 4153; x_wconf 75' lang='grc' dir='ltr'>οὐδὲ</span> <span class='ocrx_word' id='word_1_280' title='bbox 682 4099 756 4153; x_wconf 79' lang='grc' dir='ltr'>δαῖος.</span> 
     </span>
     <span class='ocr_line' id='line_1_34' title="bbox 110 4176 1215 4255; baseline 0.008 -26"><span class='ocrx_word' id='word_1_281' title='bbox 110 4176 153 4248; x_wconf 80' lang='grc' dir='ltr'>ἐφ’</span> <span class='ocrx_word' id='word_1_282' title='bbox 168 4178 285 4232; x_wconf 76' lang='grc' dir='ltr'>ἑκάστου.</span> <span class='ocrx_word' id='word_1_283' title='bbox 327 4176 399 4233; x_wconf 84' lang='lat' dir='ltr'>Cod.</span> <span class='ocrx_word' id='word_1_284' title='bbox 412 4178 486 4233; x_wconf 68' lang='grc' dir='ltr'>οὐδὲν</span> <span class='ocrx_word' id='word_1_285' title='bbox 498 4180 607 4255; x_wconf 72' lang='grc' dir='ltr'>ἐκάστφ.</span> <span class='ocrx_word' id='word_1_286' title='bbox 724 4197 739 4234; x_wconf 87' lang='lat'>2</span> <span class='ocrx_word' id='word_1_287' title='bbox 745 4196 771 4252; x_wconf 80' lang='lat'>5.</span> <span class='ocrx_word' id='word_1_288' title='bbox 786 4180 832 4233; x_wconf 78' lang='grc' dir='ltr'>οὐκ</span> <span class='ocrx_word' id='word_1_289' title='bbox 842 4177 917 4234; x_wconf 76' lang='grc' dir='ltr'>ἴσασι</span> <span class='ocrx_word' id='word_1_290' title='bbox 926 4179 1024 4254; x_wconf 74' lang='lat' dir='ltr'><strong>scripsi</strong></span> <span class='ocrx_word' id='word_1_291' title='bbox 1035 4197 1100 4235; x_wconf 88' lang='lat' dir='ltr'>cum</span> <span class='ocrx_word' id='word_1_292' title='bbox 1112 4177 1215 4238; x_wconf 79' lang='lat' dir='ltr'><strong>Sexto.</strong></span> 
     </span>
     <span class='ocr_line' id='line_1_35' title="bbox 150 4254 933 4333; baseline 0.003 -20"><span class='ocrx_word' id='word_1_293' title='bbox 150 4256 188 4313; x_wconf 85' lang='lat' dir='ltr'>ib.</span> <span class='ocrx_word' id='word_1_294' title='bbox 200 4254 279 4317; x_wconf 87' lang='lat' dir='ltr'><strong>Sext.</strong></span> <span class='ocrx_word' id='word_1_295' title='bbox 289 4263 334 4313; x_wconf 83' lang='grc' dir='ltr'>τὸν</span> <span class='ocrx_word' id='word_1_296' title='bbox 343 4259 434 4333; x_wconf 78' lang='grc' dir='ltr'>ἀκριβῆ</span> <span class='ocrx_word' id='word_1_297' title='bbox 444 4262 489 4328; x_wconf 72' lang='grc' dir='ltr'>τῆς</span> <span class='ocrx_word' id='word_1_298' title='bbox 499 4259 642 4329; x_wconf 79' lang='grc' dir='ltr'>ἇποτέξευς</span> <span class='ocrx_word' id='word_1_299' title='bbox 683 4258 755 4315; x_wconf 91' lang='lat' dir='ltr'><strong>cod.</strong></span> <span class='ocrx_word' id='word_1_300' title='bbox 770 4261 820 4331; x_wconf 80' lang='grc' dir='ltr'>οὐχ</span> <span class='ocrx_word' id='word_1_301' title='bbox 835 4262 933 4316; x_wconf 84' lang='grc' dir='ltr'>ίστᾶσι.</span> 
     </span>
    </p>
   </div>
   <div class='ocr_carea' id='block_1_4' title="bbox 108 4340 316 4412">
    <p class='ocr_par' dir='ltr' id='par_1_4' title="bbox 108 4340 316 4412">
     <span class='ocr_line' id='line_1_36' title="bbox 108 4340 316 4412; baseline 0.005 -17"><span class='ocrx_word' id='word_1_302' title='bbox 108 4342 204 4412; x_wconf 86' lang='grc' dir='ltr'>χρόνον</span> <span class='ocrx_word' id='word_1_303' title='bbox 216 4340 316 4412; x_wconf 75' lang='grc' dir='ltr'>ὁρίζειν.</span> 
     </span>
    </p>
   </div>
   <div class='ocr_carea' id='block_1_5' title="bbox 0 0 1396 4972">
    <p class='ocr_par' dir='ltr' id='par_1_5' title="bbox 0 0 1396 4972">
     <span class='ocr_line' id='line_1_37' title="bbox 0 0 1396 4972; baseline 0 2"><span class='ocrx_word' id='word_1_304' title='bbox 0 0 1396 4972; x_wconf 95' lang='lat' dir='ltr'> </span> 
     </span>
    </p>
   </div>
  </div>
 </body>
</html>
