2782 4972
127 288 190 353 τοι
572 278 787 346 οοΙαΕΝις
1187 266 1285 349 Ἠο-

129 450 161 545 ὅ,
182 482 215 528 τι
243 444 403 543 ε’ννοήσει
430 478 483 525 τις
512 439 639 539 νοητὸν
667 441 725 517 καὶ
751 435 931 544 πεφευγδς
951 436 1025 535 τὴν
1048 436 1229 535 αἴσθησιν,

128 577 156 651 εὶ
188 574 246 650 καὶ
274 570 485 673 παραλείπει
512 564 563 667 μὴ
595 566 799 662 διανοηθείς.
860 562 1039 644 Καθόλου
1067 564 1113 642 δέ
1139 565 1231 643 ἐστιν

127 704 246 793 είπεῖν,
266 694 410 776 πόντων
435 701 508 774 τῶν
532 692 645 773 ὄντων
663 695 846 790 αἰσθητῶν
869 724 908 770 τε
933 694 996 769 καὶ
1022 695 1163 790 νοητῶν
1185 686 1248 767 ῶν5

128 828 255 907 ἐκεῖνος
273 823 431 929 κρυφίως
448 822 506 899 καὶ
523 824 687 926 φανερῶς
704 816 977 922 προσαγορεύει,
993 817 1076 897 ἔστι
1095 823 1228 916 θησαυ-

128 949 192 1054 ρὸς
213 949 256 1029 τὸ
280 958 353 1052 πῦρ
377 946 420 1028 τὸ
444 942 696 1048 ὑπερουράνιον
719 948 822 1023 οἱονεὶ
840 945 989 1047 δένδρον
1007 944 1108 1044 μέγα
1125 947 1174 1028 ὡς
1190 943 1227 1021 δι’

130 1079 265 1180 ὀνείρου
292 1072 516 1173 βλεπόμενον
543 1077 595 1178 τῷ
623 1069 969 1176 Ναβουχοδονόσορ,
990 1067 1037 1174 ἐξ
1059 1072 1104 1151 οῦ
1131 1078 1229 1152 πᾶσα

129 1201 232 1307 σὰρξ
252 1202 429 1309 τρέφεται.
491 1203 564 1278 Καὶ
588 1199 631 1278 τὸ
655 1196 720 1297 μέν
740 1197 895 1305 φανερὸν
919 1194 1010 1277 εἶναι
1032 1206 1100 1277 τοῦ
1122 1198 1229 1301 πυρὸς

130 1328 257 1430 νομίζει
279 1329 321 1409 τὸ
344 1326 516 1430 πρέμνον,
536 1324 620 1410 τοὺς
637 1323 805 1422 κλάδους,
823 1323 870 1404 τά
888 1323 1037 1432 φύλλα,
1056 1325 1124 1407 τὸν
1144 1324 1226 1429 ἔξω·
1237 1345 1264 1383 ¹⁰

129 1460 189 1533 θεν
207 1456 324 1534 αὐτῶν
342 1455 577 1557 περικείμενον
596 1450 739 1558 φλοιόν.
782 1448 966 1550 Ἀπαντα,
988 1455 1102 1559 φησὶ,
1124 1463 1229 1534 ταῦτα

129 1589 193 1659 τοῦ
225 1578 387 1681 μεγάλου
420 1579 563 1682 δένδρου
597 1577 803 1685 ἀναφθέντα
834 1575 906 1659 ἀπὸ
935 1582 1002 1677 τῆς
1031 1579 1229 1686 παμφάγου

129 1715 193 1785 τοῦ
217 1703 329 1809 πυρός
354 1704 558 1813 ἀφανίζεται
577 1703 728 1811 φλογός.
774 1706 822 1784 ‘O
845 1703 883 1783 δὲ
907 1711 1050 1809 καμπὰς
1066 1717 1134 1787 τοῦ
1158 1708 1227 1787 δέν·

130 1836 216 1936 δρου
234 1832 295 1912 ε’ἀν
312 1831 532 1937 ε’ξεικονισθῇ
551 1836 609 1912 καὶ
631 1829 697 1930 τὴν
719 1834 843 1912 ἑαυτοῦ
867 1829 1017 1939 μορφὴν
1043 1833 1226 1939 ἀπολάβῃ,

128 1963 177 2044 είς
195 1959 379 2061 ἀποθήκην
396 1962 539 2055 τίθεται,
561 1960 625 2038 οὐκ
648 1964 697 2044 εἷς
713 1956 757 2039 τό
774 1967 859 2062 πῦρ.
910 1960 1049 2061 Γέγονε
1064 1960 1133 2061 μέν
1150 1961 1228 2065 γὰρ,
1240 1976 1264 2036 ¹5

129 2090 258 2192 φησὶν,
280 2090 299 2166 ὁ
317 2082 452 2189 καρπὸς
470 2085 528 2163 ἵνα
546 2088 594 2169 είς
610 2080 676 2183 τὸν
693 2084 878 2184 ἀποθήκην
895 2091 993 2190 τεθῇ,
1015 2085 1062 2167 τδ
1082 2086 1119 2166 δέ
1144 2090 1227 2194 ἇχυ·

129 2247 207 2315 ρον,
237 2213 295 2291 ἵνα
321 2214 508 2316 παραδοθῇ
536 2215 589 2317 τῷ
615 2214 714 2314 πυρὶ,
745 2211 832 2315 ὅπερ
857 2214 936 2292 εὀπὶ
963 2213 1142 2315 πρέμνον,
1172 2218 1229 2294 οῦκ

129 2340 237 2418 αὐτοῦ
255 2336 372 2442 χάριν,
394 2336 495 2417 ἀλλά
513 2346 577 2418 τοῦ
594 2347 733 2440 καρποῦ
751 2337 997 2438 γεγενημένον.

72 2480 121 2530 10
189 2465 261 2541 Καὶ
279 2471 384 2542 τοῦτο
402 2465 493 2559 ἐστὶ,
514 2466 621 2569 φησὶ,
642 2459 684 2542 τό
702 2464 947 2566 γεγραμμένον
965 2467 1003 2544 έν
1021 2474 1072 2573 τῇ
1091 2472 1225 2575 γραφῇ·

132 2600 152 2636 “
166 2590 214 2668 ‘O
237 2587 309 2692 γὰρ
334 2589 506 2687 ἀμπελὼν
527 2591 662 2692 Κυρίου
684 2588 855 2687 Σαβαὼθ,
877 2587 972 2676 οἶκος
989 2601 1059 2673 τοῦ
1076 2592 1229 2699 Ἰσραήλ
1240 2615 1269 2655 ²0

35 2723 73 2785 61
93 2718 220 2814 ῑ·ε’στι,
241 2720 298 2795 καὶ
326 2717 512 2822 ἅνθρωπος
536 2724 600 2795 τοῦ
618 2713 737 2796 Ἰούδα
765 2714 936 2822 νεόφυτον
960 2720 1229 2821 ἠγαπηγμένον.”

132 2849 177 2925 Εἰ
203 2844 240 2924 δέ
264 2845 453 2949 ἅνθρωπος
478 2852 541 2925 τοῦ
560 2842 679 2923 Ἰούδα
707 2841 877 2951 νεόφυτον
904 2845 1158 2947 ἠγαπημένον,
1177 2853 1229 2928 δε·

131 2974 272 3068 δεικται,
290 2975 418 3076 φησὶν,
440 2970 493 3050 ότι
513 2967 629 3073 ξύλον
645 2972 709 3049 οῦκ
726 2970 825 3050 ἀλλο
842 3006 876 3051 τι
894 2973 980 3051 ἀλλ’
1000 2971 1024 3072 ἢ
1043 2975 1232 3081 ἅνθρωπος

129 3097 239 3175 ἐστίν.
282 3095 407 3175 Ἀλλὰ
424 3101 504 3200 περὶ
521 3101 585 3195 τῆς
602 3098 791 3199 ἐκκρίσεως
808 3100 915 3177 αὐτοῦ
940 3100 1000 3177 καὶ
1021 3102 1232 3204 διακρίσεως

130 3227 270 3319 ἱκανῶς,
291 3228 418 3330 φησὶν,
439 3223 573 3326 εἴρηκεν
592 3223 614 3321 ἡ
635 3221 778 3328 Γραφὴ,
800 3227 858 3303 καὶ
880 3223 971 3328 πρὸς
990 3229 1266 3311 διδασκαλίινἏΞ

131 3350 231 3452 ἀρκεῖ
252 3354 326 3433 τοῖς
349 3346 642 3452 ε’ξεικονισμένοις
665 3345 708 3427 τό
733 3348 873 3455 λεχθὲν,
895 3350 948 3430 ὅτι
967 3360 1112 3435 “vitra
1132 3353 1230 3459 σὰρξ

129 3474 268 3580 χόρτος,
285 3478 344 3555 καὶ
360 3483 464 3556 πᾶσα
483 3472 574 3578 δόξα
592 3472 729 3577 σαρκός
748 3479 797 3561 ὡς
814 3477 921 3562 ἄνθος
939 3478 1084 3582 χόρτου.
1117 3480 1224 3585 Ἐξη-

127 3599 241 3703 ροίνθη
261 3600 434 3707 ὁχόρτος,
450 3606 507 3682 καὶ
525 3599 567 3681 τὸ
586 3601 694 3686 ἄνθος
710 3603 819 3683 αὐτοῦ
837 3601 995 3706 ἐξέπεσε·
1015 3604 1060 3686 τὸ
1079 3608 1119 3686 δὲ
1134 3612 1224 3713 ῥῆμα

131 3728 265 3829 Κυρίου
290 3727 385 3825 μένει
414 3734 462 3814 είς
489 3727 553 3809 τὸν
580 3727 726 3806 αι’ῶνα.”
773 3731 891 3828 Ῥῆμα
918 3727 968 3827 δὲ,
993 3736 1126 3837 φησὶν,
1152 3734 1223 3814 ἐστὶ

171 3984 197 4041 3.
214 3964 284 4022 cod.
298 3966 444 4037 πεφευγώς.
743 3986 788 4024 10.
804 3968 876 4027 cod.
890 3977 941 4027 τῶν
953 3989 1005 4045 pro
1018 3975 1073 4028 τόν.

171 4061 199 4121 5.
213 4044 285 4102 Cod.
301 4045 370 4101 ὅλων
382 4063 435 4118 pro
448 4047 536 4102 ὄντων.
743 4066 789 4120 14.
805 4050 878 4108 Cod.
892 4051 1018 4122 ἀπολαῦη

172 4141 198 4203 7.
221 4126 294 4203 [aeg.
309 4129 374 4198 μέγα
394 4128 425 4180 τὸ
445 4126 477 4180 δι’
491 4127 598 4197 ὀνείρου,
613 4128 658 4184 vel
744 4154 788 4210 ,8Ι
804 4156 875 4212 θοὰ,
889 4144 1063 4231 Νἷημρων

129 4213 290 4345 mxcod.
306 4289 351 4342 τὸν
365 4293 398 4341 Ν.
413 4304 464 4359 pro
482 4292 518 4362 τῷ
534 4297 567 4343 Ν.
611 4288 656 4345 cf.
741 4237 1046 4375 Ξὲξίἓίζὶᾎω,

131 4367 242 4426 Daniel.
258 4386 318 4442 cap.
331 4365 383 4431 IV,
400 4366 468 4442 6-9.
952 4362 961 4387 ³
