2782 4972
295 329 359 391 134
733 322 953 389 ORIGENIS
1347 328 1378 389 V.

294 489 343 569 ὡς
369 483 415 564 ἂν
442 486 509 563 ἴδοι
535 485 725 586 ἄνθρωπος
751 480 950 586 πρόσωπον
977 490 1074 563 θεοῦ.
1137 491 1235 588 Περὶ
1263 487 1386 579 τούτου,

294 614 401 716 φησὶ,
427 610 626 715 γέγραπται
652 612 702 693 ὡς
731 621 757 657 “
772 606 930 712 Νεβρδιδ
956 611 1066 711 γίγας
1098 612 1263 713 κυνηγὸς
1290 615 1389 693 ἐναντι

294 735 465 838 Κυρίου.”
496 740 582 816 Εἰσὶ
595 733 642 832 δέ,
654 740 759 841 φησὶ,
770 736 899 815 τούτου
914 737 1097 834 ἀντίμιμοι
1111 743 1258 819 πολλοὶ
1271 749 1386 821 τοσοῦ·

291 894 360 955 τοι,
395 860 476 939 ὅσοι
513 857 693 965 ὤφθησαν
722 862 760 939 ἐν
792 864 838 964 τῇ
867 860 987 967 ἐρήμῳ
1016 866 1095 945 τοῖς
1129 867 1222 947 υἱοῖς
1249 862 1386 967 Ἰσραήλ

292 983 490 1081 δάκνοντες,
512 986 574 1091 ἀφ’
594 981 646 1064 ὧν
669 983 847 1086 ἐρρύσατο
868 981 951 1069 τούς
969 986 1216 1083 δακνομένους
1236 990 1386 1073 ὁτέλειος

290 1112 417 1195 ἐκεῖνος
436 1110 477 1191 δν
495 1110 627 1209 ἔστησε
647 1116 825 1209 Μωύσῆς.
866 1119 985 1193 Τοῦτο
1006 1113 1101 1211 ἐστὶ,
1115 1122 1229 1219 φησὶ,
1243 1115 1286 1196 τὸ
1305 1122 1383 1218 εἰρη·

291 1236 397 1333 με’νον
426 1250 452 1285 “
468 1236 545 1316 καθ
566 1236 607 1316 δν
633 1235 767 1339 τρόπον
796 1240 925 1343 ὐφωσε
954 1243 1126 1337 Μωύαῆς
1154 1240 1225 1320 τὸν
1252 1242 1384 1347 ὅφινέν

291 1366 335 1466 τῇ
354 1364 484 1470 ἐρήμῳ,
504 1365 614 1447 οὐτως
633 1366 820 1469 ὐφωθῆναι
838 1367 892 1442 δεῖ
906 1363 969 1444 τὸν
989 1362 1065 1443 υἱὸν
1082 1374 1150 1444 τοῦ
1170 1366 1381 1471 ἀνθροίττου.”

291 1487 432 1569 Τούτου
456 1490 531 1568 κατ’
550 1488 666 1569 εἰκόνα
693 1489 838 1590 γέγονεν
866 1493 886 1569 ὁ
913 1490 994 1594 ὄφις
1018 1492 1057 1567 ἐν
1082 1497 1130 1595 τῇ
1156 1494 1283 1601 ἐρήμῳ
1303 1503 1380 1598 χαλ·

291 1624 385 1710 κοῦς,
416 1615 457 1694 δν
488 1615 621 1714 ἔστησε
651 1619 827 1713 Μωύσῆς.
885 1613 1038 1708 Τούτου,
1070 1620 1185 1721 φησὶ,
1217 1617 1381 1716 μιίνουτδ

291 1741 450 1839 ὁμοίωμα
467 1742 504 1818 ἐν
518 1747 570 1846 τῷ
590 1744 730 1847 οὐρανῷ
748 1739 806 1819 διὰ
822 1740 957 1825 παντὸς
972 1742 1072 1821 ἐστὶν
1091 1745 1193 1849 φωτὶ
1209 1746 1379 1848 ὁρώμενον.

292 1868 422 1964 Οὐτος,
436 1869 562 1974 φησὶν,
579 1869 679 1946 ἐστὶν
697 1868 719 1965 ἦ
738 1865 880 1967 μεγάλη
898 1865 992 1972 ἀρχὴ
1013 1873 1096 1970 περὶ
1115 1869 1159 1968 ἧς
1179 1872 1377 1975 γέγριπιτυι.

293 1997 382 2096 Περὶ
409 1993 546 2087 τούτου,
567 1994 692 2097 φησὶν,
711 1993 853 2095 εἴρηται,
874 2003 902 2041 “
912 1996 951 2072 ἐν
972 1996 1065 2097 ἀρχῆ
1085 1993 1133 2092 ἦν
1154 2000 1178 2075 ὁ
1197 1998 1321 2099 λόγος,
1335 2000 1380 2077 καί

291 2119 439 2221 ὁλόγος
457 2119 502 2217 ἦν
519 2119 610 2223 πρὸς
627 2119 691 2199 τὸν
709 2118 803 2216 θεὸν,
824 2124 882 2199 καὶ
903 2117 981 2204 θεὸς
998 2117 1082 2217 ἦνὸ
1102 2121 1235 2224 λόγος.
1280 2126 1381 2208 Οὐτος

289 2246 334 2343 ἦν
351 2249 388 2324 ἐν
405 2250 499 2351 ἀρχῇ
518 2246 608 2349 πρὸς
625 2245 689 2325 τὸν
707 2243 802 2342 θεὸν,
823 2244 942 2326 πάντα
966 2247 1007 2325 δι’
1028 2249 1142 2328 αὐτοῦ
1165 2251 1319 2351 ἐγένετο,
1335 2253 1380 2329 καὶ

289 2378 397 2477 χωρὶς
424 2376 533 2452 αὐτοῦ
560 2373 696 2473 ἐγένετο
726 2371 804 2452 οὐδὲ
830 2370 882 2470 ἓν,
903 2373 1103 2475 δγέγονεν·
1136 2381 1175 2456 ἐν
1202 2381 1303 2485 αὐτῷ
1324 2376 1349 2479 ζ
1371 2374 1379 2399 ’

288 2498 422 2577 ἐστιν.”
451 2499 518 2577 Ἐν
536 2502 633 2606 αὐτῷ
652 2497 699 2596 δέ,
714 2499 875 2605 φησὶν,ἡ
895 2501 973 2578 Εὐα
990 2498 1195 2599 γε’γονεν,ἡ
1216 2507 1297 2583 Εὕα
1314 2499 1379 2603 ζωή.

292 2627 390 2724 Αὕτη
404 2623 450 2722 δέ,
462 2629 589 2731 φησὶν,
602 2629 702 2705 ἐστὶν
717 2626 739 2723 ἡ
758 2629 836 2705 Εὕα
852 2624 971 2727 μήτηρ
983 2622 1134 2704 πάντων
1151 2635 1232 2708 τῶν
1246 2628 1380 2730 ζώντων,

195 2782 236 2858 45
251 2750 388 2849 v,xocm)
417 2751 540 2857 φύσις,
560 2751 724 2830 τουτέστι
750 2757 852 2848 θεῶν,
878 2749 1057 2851 ἀγγέλων,
1078 2752 1290 2851 ἀθανάτων,
1308 2761 1379 2849 θνη·

289 2887 374 2973 τῶν,
391 2878 549 2978 ἀλόγων,
566 2883 736 2977 λογικῶν·
768 2883 788 2958 ὁ
806 2876 878 2979 γὰρ
898 2888 925 2925 “
937 2873 1121 2971 πάντων,”
1136 2882 1273 2984 φησὶν,
1290 2880 1380 2962 εἰπὸν

289 3002 401 3103 εἴρηκε
418 3003 575 3084 πάντων·
606 3005 664 3081 καὶ
682 3003 716 3080 εί
729 3037 835 3099 τινος,
853 3005 979 3107 φησὶν,
999 3004 1031 3079 οἱ
1055 3004 1253 3106 ὀφθαλμοὶ
1279 3000 1377 3104 μακά·

288 3161 369 3227 ριοι,
406 3129 508 3214 οὗτος
541 3129 668 3234 ὅφεται
705 3128 919 3234 ἀναβλέψας
955 3132 1003 3211 είς
1033 3124 1097 3205 τὸν
1136 3128 1297 3231 οὐρανὸν
1329 3133 1378 3207 τοῦ

289 3254 403 3359 ὄφεως
415 3253 481 3351 τὴν
500 3252 616 3351 καλὴν
634 3255 759 3351 είκὸνο,
772 3256 867 3358 ἐντῇ
885 3250 1027 3356 μεγάλῃ
1044 3255 1141 3357 ἀρχῇ
1160 3264 1230 3335 τοῦ
1245 3260 1380 3367 οὐραναῖ

289 3378 536 3484 στρεφομένην
554 3384 611 3458 καὶ
630 3381 819 3481 γινομένην
837 3378 953 3484 ἀρχὴν
970 3377 1092 3477 πάσης
1110 3379 1290 3480 κινήσεως
1302 3388 1379 3463 πᾶσι

287 3510 361 3588 τοῖς
374 3504 580 3604 γινομένοις.
617 3504 800 3585 Γνώσεται
821 3505 874 3584 ὅτι
887 3508 996 3608 χωρὶς
1014 3506 1123 3584 αὐτοῦ
1141 3504 1295 3619 [οὐδὲν]
1314 3510 1379 3587 οὐτε

288 3636 360 3707 τῶν
378 3630 550 3732 οὐρανίων
568 3633 647 3709 οὐτε
665 3636 738 3708 τῶν
760 3631 934 3731 ἐπιγείων,
957 3632 1034 3708 οὐτε
1052 3635 1124 3707 τῶν
1143 3632 1379 3738 καταχθονίων

288 3756 517 3854 συνέστηκεν.
569 3758 627 3834 Οὐ
652 3754 731 3859 νύξ,
754 3758 795 3834 οὐ
821 3755 1038 3854 σελήνη,οὐ
1064 3762 1209 3858 καρποὶ,
1231 3762 1276 3839 οὐ
1293 3758 1376 3860 γέκ·

289 3919 360 3979 σις,
396 3886 437 3962 οὐ
474 3891 644 3978 πλοῦτος,
682 3885 748 3986 οὐχ
780 3883 974 3983 ὁδοιπορία,
1010 3882 1081 3960 οὐδ
1117 3881 1215 3968 ὅλως
1250 3920 1286 3963 τι
1319 3889 1379 3964 τῶν

288 4008 402 4088 ὄντων
433 4010 510 4087 ἐστὶ
543 4010 625 4111 δίχα
657 4009 897 4107 σημαίνοντος
929 4008 1070 4088 ἐκείνου.
1126 4009 1215 4089 Ἐπὶ
1247 4009 1376 4099 τούτου,

334 4221 377 4258 ιο.
395 4203 500 4260 Genes.
515 4203 553 4267 X,
566 4221 592 4277 9.
901 4220 946 4258 τι.
963 4202 994 4259 S.
1004 4202 1087 4258 Joan.
1100 4202 1152 4257 Ev.
1166 4202 1190 4268 Ι,
1205 4220 1272 4274 1-4.

333 4301 341 4338 τ
349 4301 376 4356 5.
394 4282 466 4339 eod.
477 4284 550 4340 mule
563 4285 604 4338 καὶ
617 4282 655 4346 ὃν,
665 4282 742 4357 quod
753 4302 814 4338 mu·
901 4299 947 4356 29.
964 4282 1141 4356 Legendum,
1156 4281 1188 4339 ni
1201 4281 1296 4353 fallor,
1309 4283 1378 4355 ἄμμι

288 4362 345 4416 tavi
364 4363 394 4417 in
413 4364 467 4418 καθ
481 4362 510 4418 δν
527 4380 562 4419 ex
576 4363 594 4419 J
597 4380 681 4419 οιτον.
694 4362 746 4419 Ev.
760 4362 814 4428 ΙΙΙ,
857 4362 961 4425 τούτων,
973 4371 990 4392 “
1000 4361 1053 4418 hos
1064 4361 1136 4419 dixit
1146 4362 1206 4418 aive
1220 4357 1378 4422 inteflexit”

292 4454 338 4507 14,
354 4441 402 4496 ubi
415 4443 505 4498 καθώς.
898 4458 914 4512 3
919 4459 948 4513 3.
967 4440 1038 4498 Cod.
1052 4444 1288 4514 γνόσιττ-αὐτού
1301 4446 1361 4499 οὐκ.
