2782 4972
230 278 272 342 16
673 273 888 340 ORIGENIS

228 443 348 533 εἰπεῖν,
369 445 433 514 τοῦ
460 433 608 532 παντὸς,
635 433 861 535 ἐκδεδομένον
878 439 917 513 ἐκ
944 439 1007 532 τῆς
1034 435 1247 538 πυρώσεως,
1267 434 1323 541 ἀφ’

230 564 271 642 οδ
289 569 433 666 πρῶτον
450 560 710 662 ἀποκαιομένου
728 561 793 662 τὴν
810 570 884 641 τῶν
906 558 1069 664 ἀστέρων
1093 558 1181 640 εἶναι
1202 561 1322 667 φύσιν,

227 690 279 771 ὧν
306 689 481 793 μέγιστον
503 690 567 791 μέν
596 692 712 790 ἥλιον,
742 691 902 797 δεύτερον
931 690 966 769 δέ
994 690 1167 791 σελήνην,
1195 699 1269 771 τῶν
1292 692 1325 770 δὲ

228 821 357 900 ἀλλων
370 819 415 900 τά
433 819 497 919 μέν
511 816 662 916 ἐλάττω,
678 817 725 898 τά
742 816 780 897 δέ
796 816 912 920 μείζω.
944 818 1196 916 Ἐπικλιθῆναι
1213 817 1250 896 δέ
1266 817 1359 904 τδνιᾱ

230 946 379 1050 οὐρανόν
398 954 503 1053 φησι,
525 953 584 1024 καὶ
602 949 712 1031 οὕτως
730 944 795 1025 τδν
813 946 917 1043 ἥλων
934 948 991 1026 ἐπὶ
1010 948 1073 1044 τῆς
1091 948 1160 1045 γῆς
1179 950 1324 1044 ποιῆσαι

229 1080 320 1180 φῶς,
345 1077 403 1151 καὶ
433 1070 496 1152 τόν
517 1107 555 1151 τε
584 1069 673 1175 ἀέρα
699 1075 849 1170 ποιῆσαι
879 1076 1047 1178 διαφανῆ,
1082 1073 1140 1150 καὶ
1167 1068 1236 1170 τὴν
1259 1077 1324 1173 γῆν

229 1197 354 1303 ξηράν.
402 1201 542 1299 Λίμνην
567 1196 639 1302 γάρ
666 1196 752 1278 εἶναι
773 1197 817 1278 τδ
842 1205 999 1303 πρῶτον,
1031 1195 1092 1276 ἅτε
1117 1196 1244 1306 κύκλῳ
1264 1198 1324 1297 μέν

229 1329 344 1406 οὖσαν
363 1324 524 1432 ὑψηλὴν,
544 1323 660 1424 μέσον
679 1324 715 1403 δέ
734 1325 871 1425 κοιλήν.
919 1331 1070 1425 Σημεῖον
1089 1322 1127 1403 δέ
1146 1321 1248 1431 φέρει
1263 1330 1324 1426 τῆς

227 1450 447 1551 κοιλότητος,
464 1452 518 1531 ὅτι
536 1456 557 1532 ὁ
574 1454 675 1550 ἥλως
694 1455 761 1557 οὐχ
778 1450 853 1551 ἅμα
869 1448 1058 1533 ἀνατέλλει
1075 1485 1113 1531 τε
1131 1458 1193 1531 καὶ
1211 1451 1360 1534 διίεται3ο

226 1586 354 1676 πᾶσιν,
376 1578 463 1682 ὅπερ
480 1578 545 1657 ἔδει
573 1580 795 1677 συμβαίνειν,
816 1578 911 1683 εἴπερ
928 1577 973 1678 ἦν
992 1579 1122 1679 ὁμαλή.
1177 1583 1269 1683 Περὶ
1290 1579 1324 1659 δὲ

227 1704 325 1807 ζώων
344 1708 472 1814 φησὶν,
494 1706 548 1785 ὅτι
574 1703 848 1809 θερμαινομένης
874 1710 940 1807 τῆς
966 1710 1033 1807 γῆς
1059 1702 1103 1786 τδ
1125 1710 1325 1810 πρῶτονέν

224 1836 277 1940 τῷ
295 1830 386 1912 κατά
402 1829 510 1936 μέρος
528 1832 618 1913 ἀτου
635 1831 677 1912 τά
696 1831 826 1936 θερμὸν
844 1836 902 1912 καὶ
920 1830 962 1913 τδ
979 1828 1125 1939 φυχρδν
1141 1834 1322 1934 ἐμίσγετο,

225 1962 430 2067 ἀνεφαίνετο
447 1958 494 2040 τά
513 1995 551 2040 τε
575 1959 676 2038 ἀλλα
704 1957 776 2060 ζῶα
801 1957 930 2039 πολλὰ
956 1961 1013 2038 καὶ
1040 1957 1190 2057 ἀνόμοια
1206 1960 1325 2043 πάντα

224 2086 291 2185 τὴν
308 2086 419 2186 αι’ντὴν
438 2090 572 2168 διαίταν
589 2087 717 2192 ἔχοντα
733 2089 771 2165 ἐκ
788 2091 853 2186 τῆς
871 2086 971 2172 ἰλύος
992 2085 1205 2192 τρεφόμενα,
1224 2085 1271 2187 ἧν
1290 2088 1362 2168 δὲςὸ

224 2213 466 2317 ὀλιγοχρόνια·
499 2217 649 2317 ὕστερον
666 2213 834 2299 δέαάτοῖς
852 2216 910 2293 καὶ
927 2213 972 2317 ἐξ
987 2213 1165 2312 ἀλλήλων
1183 2213 1324 2315 γένεσις

223 2335 372 2436 ἀνέστη,
394 2341 452 2417 καὶ
471 2340 695 2441 διεκρίθησαν
713 2341 894 2443 ἀνθρωττοι
918 2338 989 2420 ἀπδ
1014 2346 1086 2419 τῶν
1103 2338 1245 2438 ἄλλων,
1267 2347 1324 2421 καὶ

222 2461 408 2564 ἡγεμόνας,
432 2468 490 2543 καὶ
519 2463 659 2563 νόμους,
685 2469 744 2546 καὶ
771 2463 912 2572 τέχνας,
939 2469 997 2545 καὶ
1025 2464 1160 2563 πόλεις,
1190 2469 1251 2547 καὶ
1279 2469 1324 2549 τά

222 2591 324 2668 ἀλλα
352 2588 598 2690 συνέστησαν.
652 2599 753 2673 Νοῦν
768 2592 819 2687 ,δὲ
851 2591 949 2695 λέγει
980 2600 1094 2673 πᾶσιν
1120 2593 1324 2700 ἐμφύεσθαι

223 2717 325 2821 ζώοις
343 2721 481 2820 ὁμοίως.
523 2719 747 2825 Χρήσασθαι
762 2719 833 2824 γάρ
851 2722 1005 2801 ἕκαστον
1023 2722 1081 2799 καὶ
1099 2728 1172 2799 τῶν
1190 2720 1319 2822 σωμά-
1331 2746 1367 2799 40

221 2883 293 2928 των
312 2848 389 2955 ὅσῳ
407 2846 449 2928 τδ
467 2845 531 2947 μέν
548 2842 787 2950 βραδυτέρως,
807 2844 850 2927 τδ
869 2845 905 2926 δέ
921 2844 1135 2954 ταχιττέρως.

275 3101 325 3179 ‘H
357 3099 422 3199 μέν
452 3103 514 3181 οὖν
546 3099 683 3208 φυσικὴ
714 3103 920 3209 φιλοσοφία
951 3102 1023 3182 ἀπὸ
1053 3101 1226 3202 θάλητος
1256 3106 1321 3190 ἕως

218 3226 421 3332 Ἀρχελάου
440 3229 594 3328 διέμεινε·
627 3227 755 3307 τούτου
773 3230 904 3329 γίνεται
924 3227 1115 3332 Σωκράτης
1132 3232 1320 3335 ἀκροατής.

221 3356 307 3433 Εἰσὶ
332 3353 368 3432 δέ
396 3359 454 3435 καὶ
482 3355 592 3458 ἑτέροι
618 3361 783 3435 πλεῖστοι
811 3353 1002 3462 διαφόρους
1020 3353 1129 3457 δόξας
1147 3391 1317 3459 προενεγ-

218 3478 360 3585 κάμενοι
388 3484 471 3585 περί
491 3516 528 3562 τε
557 3491 621 3561 τοῦ
648 3481 741 3559 θείου
766 3482 825 3558 καὶ
843 3484 906 3580 τῆς
923 3489 988 3560 τοῦ
1006 3478 1139 3565 παντὸς
1158 3481 1314 3593 φύσεως.
1328 3509 1363 3570 43

216 3603 268 3685 ὧν
284 3613 313 3686 εί
330 3606 453 3694 πάσας
471 3607 535 3694 τάς
554 3606 664 3710 δόξας
687 3604 909 3704 ἐβουλόμεθα
931 3613 1150 3710 παραθεῖναι,
1171 3607 1320 3709 πολλὴν

216 3732 261 3812 ἀν
280 3736 372 3831 ὕλην
389 3737 546 3826 βιβλίων
564 3734 630 3813 ἔδει
649 3731 930 3834 κατασκευάζειν.
985 3730 1060 3812 Ὧν
1088 3732 1125 3811 δέ
1149 3734 1216 3813 ἔδει
1244 3736 1316 3834 μά-

216 3870 329 3938 λιοτα
345 3860 396 3937 ἐπ’
418 3857 590 3958 ὀνόματος
608 3861 722 3941 ὄντων
735 3866 793 3939 καὶ
813 3865 860 3946 ὡς
878 3867 984 3941 εἰπεῖν
1003 3864 1207 3968 κορυφαίων
1224 3871 1318 3945 πᾶσι

214 3991 289 4069 τοῖς
305 3984 488 4081 μετέπειτα
505 3987 793 4093 φιλοσοφήσωσι
810 3988 1009 4087 γενομένων
1022 3987 1189 4094 ἀφορμάς
1207 3993 1317 4070 δεδω-

256 4297 303 4354 29·
318 4281 399 4349 μέσον
414 4278 500 4338 Barb.
515 4290 545 4339 et
559 4281 660 4340 ottob.
703 4283 740 4338 E·
822 4300 873 4356 37.
889 4285 1001 4353 συνέστη
1014 4284 1098 4342 Taur.
1112 4295 1142 4343 et
1156 4285 1259 4345 Ottob.

213 4362 332 4419 debatur
344 4360 434 4431 μέσον.
478 4362 522 4419 cf.
535 4383 565 4438 p.
582 4363 627 4431 18,
642 4380 658 4435 3
663 4382 690 4438 5.
