2782 4972
274 299 317 365 98
715 292 932 358 ORIGENIS

275 450 376 556 λοίσῃ
394 451 436 531 τὸ
454 449 613 550 πλάσμα
631 460 694 531 τοῦ
712 454 847 531 τελείου
864 452 1067 556 ἀνθρώπου·
1090 452 1242 553 ζητοῦσι
1262 450 1298 528 δὲ
1314 450 1369 527 οὐκ

275 576 346 658 ἀπὸ
364 585 437 657 τῶν
457 583 627 683 Γραφῶν,
649 576 749 656 ἀλλὰ
777 582 834 657 καὶ
858 588 964 658 τοῦτο
989 577 1061 658 ἀπὸ
1084 585 1160 658 τῶν
1178 582 1366 675 μυστικῶν.

277 701 379 783 Εἶναι
409 701 444 781 δὲ
473 707 568 808 φασὶ
595 699 661 799 τῆν
687 701 813 809 φυχῆν
845 703 1057 808 δυσεύρετον
1080 702 1181 785 πάνυ
1203 708 1264 783 καὶ
1288 706 1367 781 δυσ·

275 828 505 928 κατανόητον·
539 830 580 907 οὐ
609 826 682 930 γὰρ
707 829 800 927 μένει
824 832 881 910 ἐπὶ
908 830 1098 935 σχήματος
1125 828 1209 910 οὐδὲ
1236 831 1370 935 μορφῆς

274 961 338 1055 τῆς
370 958 479 1055 αὐτῆς
508 953 674 1051 πάντοτε,
705 952 784 1035 οὐδὲ
811 954 947 1041 πιίθους
973 955 1065 1054 ἑνὸς,
1094 956 1154 1035 ἵνα
1183 992 1240 1041 τις
1268 952 1388 1053 αὐιῆνι

183 1100 223 1166 28
238 1080 297 1180 νῆ
316 1081 416 1189 τύπιρ
435 1081 527 1186 εἴπῃ,
547 1078 570 1179 ἢ
590 1082 697 1186 οὐσίᾳ
714 1081 973 1188 καταλήψεται.
1010 1079 1087 1167 Τοὶς
1105 1080 1144 1161 δὲ
1162 1078 1369 1186 ἐξαλλαγὰς

274 1208 405 1294 ταύτας
433 1206 499 1293 τοὶς
525 1207 690 1292 ποικίλας
720 1209 757 1286 ἐν
784 1210 836 1314 τῷ
862 1208 1137 1315 ἐπιγραφομένῳ
1160 1209 1241 1287 κατ’
1262 1212 1366 1306 Αίγυ·

273 1337 396 1420 πτίους
423 1333 636 1438 Εὐαγγελίιρ
661 1333 817 1431 κειμένας
841 1333 997 1438 ἔχουσιν.
1046 1334 1276 1437 Ἀποροῦσιν
1299 1335 1365 1425 οὖν,

274 1460 432 1563 καθάπερ
451 1464 483 1537 οἱ
509 1459 618 1538 ἄλλοι
643 1456 772 1544 πάντες
790 1466 863 1539 τῶν
880 1461 991 1539 ε’θνῶν
1008 1460 1206 1562 ἅνθρωποι,
1227 1457 1367 1563 πότερόν

272 1619 359 1665 ποτε
376 1589 415 1664 ἐκ
433 1594 498 1664 τοῦ
515 1584 688 1687 προόντος
706 1587 817 1682 ἐστὶν,
837 1584 906 1696 [ἢ]
926 1587 965 1665 ἐκ
982 1595 1047 1666 τοῦ
1065 1588 1176 1665 αὐτοῦ
1195 1585 1329 1687 γένους,
1346 1582 1385 1683 ἧι

272 1714 311 1790 ἐκ
328 1720 393 1790 τοῦ
409 1709 637 1815 ἐκκεχυμένον
655 1710 777 1816 χάους.
827 1716 899 1790 Καὶ
915 1718 1060 1815 πρῶτον
1077 1713 1134 1791 ἐπὶ
1150 1709 1363 1797 τᾶςἈσσυ·

271 1839 359 1940 ρίων
391 1835 657 1944 καταφεύγουσι
686 1835 842 1933 τελετὰς,
872 1836 939 1937 τῆν
972 1842 1076 1945 τριχῆ
1109 1838 1285 1940 διαίρεσιν
1308 1845 1364 1918 τοῦ

272 1964 463 2067 ἀνθρώπου
496 1972 761 2048 κατανοοῦντες·
802 1971 937 2067 πρῶτον
971 1961 1043 2066 γὰρ
1072 1962 1273 2067 Ἀσσύριοι
1307 1962 1365 2063 τῆν

271 2089 397 2196 φυχῆν
421 2094 565 2192 τριμερῆ
593 2087 795 2189 νομίζουσιν
817 2086 904 2168 εἶναι
927 2092 986 2168 καὶ
1008 2091 1104 2189 μίαν.
1157 2090 1271 2197 Ψυχὴ
1287 2087 1362 2193 γὰρ,

273 2220 381 2323 φασὶ,
401 2224 507 2297 πᾶσα
535 2214 661 2323 φύσις,
691 2215 791 2316 ἄλλη
816 2215 853 2295 δὲ
880 2216 1006 2301 ἄλλως
1033 2216 1207 2319 ὀρέγεται.
1262 2216 1391 2298 'Eam

272 2340 344 2444 γὰρ
371 2341 474 2455 φιχὴ
504 2341 649 2423 πάντων
677 2350 750 2422 τῶν
777 2343 973 2444 γινομένων
1002 2343 1108 2422 αίτία·
1148 2342 1271 2424 πάντα
1300 2345 1364 2423 ὅσα

271 2468 449 2575 τρέφεται,
471 2470 578 2569 φησὶ,
607 2474 664 2548 καὶ
689 2467 801 2572 αὔξει,
821 2474 944 2575 φυχῆς
971 2471 1089 2548 δεῖται.
1151 2469 1273 2549 Οὐδὲν
1300 2466 1363 2570 γθρ

273 2597 351 2674 οὐτε
368 2598 520 2701 τροφῆς,
536 2597 664 2699 φησὶν,
681 2599 759 2675 οὐτε
776 2592 963 2698 αὐξήσεως
976 2593 1049 2675 οἷόν
1066 2599 1169 2676 ἐστιν
1185 2598 1362 2701 ἐπιπιχεῐν,

271 2726 394 2829 φυχῆς
421 2720 470 2820 μῆ
498 2720 698 2825 παρούσης·
759 2724 832 2801 Καὶ
853 2719 924 2825 γὰρ
948 2727 981 2800 οἱ
1003 2723 1110 2818 λίθοι,
1130 2725 1264 2827 φησὶν,
1283 2725 1364 2801 είσὶν

271 2850 440 2957 ἕμφυχοι·
471 2849 595 2954 ἔχουσι
613 2844 684 2951 γὰρ
702 2846 744 2927 τὸ
769 2846 974 2951 αὐξητικὸν,
995 2846 1150 2951 αὔξησις
1173 2849 1214 2929 δὲ
1241 2853 1305 2930 οὐκ
1325 2848 1391 2928 dns

271 3008 358 3056 ποτε
377 2975 514 3077 γένοιτο
532 2978 640 3079 χωρὶς
657 2978 807 3081 τροφῆς·
838 2973 929 3055 κατὰ
950 2974 1164 3078 προσθήκην
1181 2973 1258 3080 γὰρ
1274 2974 1363 3079 αὔξει

271 3098 317 3177 τὰ
334 3097 570 3201 αὐξανόμενα·
600 3101 623 3199 ἡ
643 3100 679 3180 δὲ
697 3099 900 3203 προσθήκη,
920 3099 1038 3208 τροφῆ
1057 3110 1121 3181 τοῦ
1140 3103 1362 3209 τρεφομένου.

273 3232 388 3305 Πᾶσα
420 3225 482 3303 οὖν
510 3225 621 3331 φύσις
651 3228 880 3328 ἐπουρανίων,
903 3232 1009 3333 φησὶ,
1037 3233 1094 3307 καὶ
1123 3229 1289 3329 ἐπιγείων
1313 3228 1364 3307 καὶ

271 3353 525 3457 καταχθονίων,
546 3355 669 3458 φυχῆς
697 3352 868 3455 ὀρέγεται.
930 3361 1098 3433 Καλοῦσι
1121 3352 1364 3458 δὲἈσούρια

269 3476 312 3557 τὸ
330 3485 490 3556 τοιοῦτον
501 3474 661 3556 Ἀδωνιν
678 3475 701 3576 ἢ
720 3479 956 3578 Ἐνδυμίωνα,
977 3483 1035 3560 καὶ
1060 3478 1146 3559 ὅταν
1164 3479 1231 3581 μὲν
1247 3480 1383 3565 Ἄδα-3

271 3639 322 3689 νις
354 3609 518 3703 καλῆται,
539 3605 752 3710 Ἀφροδίτη,
781 3608 909 3711 φησὶν,
939 3608 1002 3713 ε’ρᾷ
1032 3608 1090 3684 καὶ
1120 3608 1283 3707 ἐπιθυμεῖ
1308 3611 1364 3705 τῆς

270 3733 393 3836 φυχῆς
411 3740 475 3809 τοῦ
493 3728 655 3809 τοιούτου
679 3729 863 3830 ὀνόματος.
903 3731 1101 3839 Ἀφροδίτη
1121 3732 1172 3831 δὲ,
1193 3734 1216 3832 ἡ
1234 3735 1363 3835 γε’νεσις

269 3858 347 3935 ἐστὶ
372 3855 446 3935 κατ’
463 3854 603 3940 αὐτούς.
648 3853 829 3936 Ὅτανδὲ
854 3859 877 3957 ἡ
904 3858 1120 3965 Περσεφόνη
1141 3864 1201 3940 καὶ
1225 3862 1248 3958 ἡ
1270 3862 1362 3963 Κόρη

315 4073 359 4129 16.
381 4072 448 4129 Non
470 4080 550 4128 muto
568 4074 743 4147 καταλήψεται
761 4076 797 4130 ob
882 4076 929 4132 28.
946 4076 1024 4132 Fort.
1040 4073 1095 4132 οἶόν
1107 4078 1129 4132 τ’
1140 4079 1221 4135 ι’στίν.

269 4154 410 4212 simillima
421 4153 549 4227 exemplu
560 4172 596 4209 ex
608 4154 743 4228 Septuag.
752 4156 795 4211 fu·
880 4174 896 4225 3
901 4172 929 4231 5.
944 4157 1015 4213 Cod.
1031 4158 1178 4227 ι’νδηρίονο.

270 4235 326 4291 turi
341 4244 406 4308 post
418 4233 457 4289 ἵνα
472 4234 500 4290 in
516 4233 604 4291 altero
618 4235 755 4292 membro.
880 4238 928 4307 36.
944 4236 1016 4293 Cod.
1031 4242 1152 4295 καλεῖται.

313 4334 359 4371 ιο.
382 4315 486 4371 Addidi
500 4319 525 4384 ἤ.
880 4318 915 4373 ib.
932 4317 1179 4391 Οοά.Ἀφροδι’της.

314 4410 358 4471 25.
374 4395 445 4452 cod.
459 4399 524 4451 πᾶσι
538 4414 589 4471 pro
603 4396 681 4468 φασί.
