2782 4972
130 255 173 317 ὅθ
572 261 786 328 ORIGENIS
1188 248 1292 349 Nus

129 418 318 518 πυθμήν’
300 452 400 498 εστιν
427 421 447 498 ὁ
474 418 587 499 πέντε.
630 417 810 500 Ἔστω
785 453 824 498 εκ
847 450 912 499 του
937 417 1113 516 ὀνόματος
1134 412 1230 498 τινάς

128 543 256 625 τούτου
280 544 459 645 τηιθμένας
482 550 621 640 λαβεῖν.
681 543 773 625 Οῖον
799 552 864 655 τοῖν
880 542 1167 645 Ἀγαμέμνων’
1149 538 1227 622 ονό·

127 720 241 786 ματος
267 687 400 786 γίνεται
425 722 468 768 το
492 721 558 786 μεν
584 721 621 785 α,
641 687 754 787 μονὰς
780 688 858 786 μία,
877 696 942 768 τοῦ
970 686 1008 767 δὲ
1030 720 1059 788 γ
1081 683 1228 785 μονάδες

127 835 232 930 τρεῖς,
262 836 328 907 τοῦ
364 827 484 909 ἄλλον
520 862 545 906 α
582 829 694 928 μονὰς
729 829 808 930 μεἀ,
839 837 904 909 τοῦ
940 865 969 927 μ
1005 826 1159 928 μονάδες
1193 831 1225 925 δ,

127 977 192 1049 τοῦ
210 956 233 1046 έ
244 965 394 1067 μονάδες
412 1002 440 1065 ε,
460 978 524 1049 τοῦ
541 957 573 1067 μ
588 968 737 1068 μονάδες
755 957 788 1068 δ,
808 980 873 1051 τοῦ
896 955 919 1050 ν
939 968 1094 1071 μονάδες
1114 969 1225 1066 πέντε,
1234 1006 1266 1068 5⁰

128 1118 192 1189 τοῦ
219 1096 422 1209 ωμονάδες
448 1098 484 1209 ἦ,
505 1119 569 1190 τοῦ
592 1146 613 1190 ν
635 1110 785 1211 μονάδες
808 1100 840 1209 ε,
862 1115 951 1212 ὁμοῦ
980 1114 1039 1192 ἐπὶ
1069 1111 1114 1191 τὸ
1142 1108 1227 1189 αιἰτδ

127 1250 271 1331 ἔσονται
290 1286 326 1349 α,
346 1286 384 1353 γ,
404 1286 441 1349 α,
463 1256 498 1350 δ,
516 1287 546 1350 ε,
567 1257 601 1350 δ,
622 1288 652 1351 ε,
672 1290 708 1353 η,
729 1285 758 1332 ε·
778 1263 890 1335 ταῦτα
908 1251 1125 1334 συντεθέντα
1139 1258 1232 1332 ποιεῖ

128 1395 285 1495 μονάδας
315 1383 378 1481 λς.
451 1394 572 1477 Πάλιν
604 1396 741 1478 τούτων
771 1397 949 1498 τηιθμένας
981 1394 1226 1496 λαμβάνουσι,

128 1541 187 1616 καὶ
213 1571 372 1638 γινονται
398 1544 471 1618 τῶν
496 1573 563 1638 μεν
580 1550 607 1618 λ
625 1545 729 1642 τρεῖς,
748 1545 821 1619 τῶν
847 1536 927 1618 δε
910 1572 927 1616 ε
979 1537 1072 1617 αὐτὰ
1099 1537 1147 1618 τῖι
1173 1538 1225 1615 ἕ·

128 1663 343 1742 συντεθέντα
371 1663 498 1742 οὖν
456 1699 503 1744 τα
524 1665 605 1768 τρία
627 1668 687 1742 καὶ
706 1700 753 1745 τα
737 1662 832 1768 εξ,
851 1670 946 1745 ποιεῖ
958 1663 1070 1742 ε’ννέο·
1101 1698 1175 1744 των
1192 1662 1265 1752 δε

128 1788 226 1869 έννέα
243 1788 386 1890 πυθμὴν
405 1793 424 1869 ὁ
447 1790 558 1868 ἐννέα.
609 1787 818 1893 Κατέληξεν
843 1791 906 1871 οὖν
929 1788 972 1870 τδ
987 1789 1229 1945 Ἀγαμέμνων

129 1916 242 2016 ὄνομα
268 1921 317 2001 εῖς
333 1950 397 1996 τον
414 1913 513 1994 ε’ννέα
536 1915 708 2014 πυθμένα
759 1912 948 1996 Ἔστω
912 1947 955 1996 το
979 1949 1068 1994 awo
1093 1917 1153 1993 καὶ
1173 1914 1228 1994 ἐπὶ

128 2043 282 2125 ἅλλου’
266 2041 438 2141 ονόματος
454 2044 605 2138 ποιῆσαι
621 2049 685 2121 τοῦ
699 2038 857 2145 Εκτωρ.
888 2039 944 2122 Τὸ
954 2038 1142 2143 Εκτωρ
1117 2073 1228 2138 ονομα

128 2183 198 2290 ἔχει
222 2219 381 2290 motxeta
403 2216 517 2278 πΕνΤΕ,
537 2216 554 2259 Ε
581 2184 639 2260 Καὶ
666 2179 791 2262 Κάππα
814 2216 874 2259 xat
895 2188 963 2262 Ταῦ
986 2184 1046 2260 Καὶ
1063 2217 1095 2262 ω
1112 2185 1172 2261 Καὶ
1188 2217 1223 2286 ρ·

129 2325 277 2405 Τούτων
295 2325 479 2422 τηιθμένες,
500 2358 529 2421 ε,
549 2332 590 2421 β,
606 2358 645 2425 γ,
665 2358 746 2422 η,α
749 2332 891 2403 ’ταῦτα
907 2323 1123 2405 σνιπεθεντα
1139 2330 1266 2406 παιεῖόο

127 2465 284 2564 μονάδας
308 2454 353 2546 ιθ.
413 2464 606 2545 Παλιν
557 2502 630 2547 των
657 2465 739 2545 δέκα
763 2462 966 2566 πυθμὴν
934 2499 994 2562 εις,
1014 2500 1090 2544 των
1116 2467 1225 2564 ἐννέα,

128 2592 238 2671 ἐννέα·
259 2590 283 2671 ἃ
301 2592 513 2673 συντεθέντα
530 2599 624 2673 ποιεῖ
638 2593 732 2671 δέκα·
753 2601 818 2672 τοῦ
837 2591 919 2670 δέκα
936 2592 1069 2692 γίνεται
1081 2591 1226 2694 πυθμὴν

56 2762 76 2825 9
93 2762 119 2805 r,
128 2716 251 2818 μονάς.
289 2718 484 2825 Ψηφισθέν
497 2721 560 2798 οὖν
573 2717 615 2798 τὸ
624 2716 771 2821 Ἕκτωρ
784 2718 898 2818 ὄνομα
909 2718 1055 2815 ἐποίησε
1067 2717 1226 2818 τηιθμενα

127 2844 277 2945 μονάδα.
337 2845 592 2949 Εὐκολώτερον
620 2845 661 2922 δέ
682 2842 828 2925 ἔστιτὸ
854 2845 966 2930 οὕτως
989 2850 1115 2924 ποιεῖν·
1145 2842 1226 2929 τοὺς

127 2972 326 3075 εὑρεθέντας
344 2975 382 3050 ἐκ
400 2978 473 3051 τῶν
490 2971 676 3076 στοιχείων
700 2971 892 3069 πυθμένας,
913 2974 962 3056 ὡς
988 2978 1052 3050 νῦν
1078 2973 1137 3052 ἐπὶ
1163 2979 1264 3066 τοῖος

122 3096 297 3200 Ἕκτορος
314 3095 486 3196 ὀνόματος
510 3099 654 3200 εὕρομεν
671 3094 828 3197 μονάδας
846 3085 893 3194 ιθ,
914 3102 962 3183 εῖς
978 3095 1076 3176 ε’ννέο
1096 3096 1222 3202 μέριζε,

128 3225 186 3301 καῖ
203 3222 245 3302 τὸ
263 3221 550 3327 περιλειπόμενον
567 3223 745 3321 πυθμένας
764 3223 859 3323 λέγε·
890 3221 965 3303 οῖον
982 3223 1028 3303 τὰ
1047 3210 1163 3304 ιθέᾶν
1179 3228 1224 3307 εῖς

127 3348 225 3427 έυνέα
249 3348 389 3452 μερίζω,
408 3353 643 3453 περιλείπεται
670 3347 794 3447 μονὰς,
814 3346 949 3433 ἐννάκις
975 3349 1048 3452 γὰρ
1075 3348 1153 3449 δύο,
1176 3383 1222 3448 ιη,

128 3477 186 3551 καὶ
203 3471 313 3573 λοιπὴ
332 3473 454 3574 μονάς.
489 3474 580 3554 Ἐὰν
598 3474 670 3577 γὰρ
687 3478 813 3581 αἰφελῶ
831 3482 904 3555 τῶν
922 3463 957 3554 ιθ
973 3474 1021 3556 τὰ
1038 3473 1224 3572 δεκαοκτὼ,

127 3596 237 3696 λοιπὴ
255 3599 379 3696 μονάς·
410 3598 505 3680 ὥστε
526 3609 590 3681 τοῦ
609 3598 755 3704 Ἕκτωρ
773 3600 947 3700 ὀνόματος
963 3599 1108 3701 πυθμὴν
1125 3601 1265 3689 ἕστατο

127 3722 250 3823 μονάς.
293 3722 415 3803 Πάλιν
432 3733 496 3804 τοῦ
516 3723 730 3828 Πάτροκλος
746 3724 931 3825 ὀνόματος,
948 3726 1119 3826 πυθμένες
1136 3730 1225 3808 εῖσὶν

169 4107 218 4178 4⁶·
235 4105 306 4164 0⁰⁶·
321 4109 348 4162 “ss
361 4110 416 4162 τοῦ
738 4137 785 4200 59.
816 4123 895 4181 Male
919 4123 982 4180 cod.
1002 4127 1120 4196 στοιχεῖα
1141 4125 1224 4189 πέντε,

168 4186 207 4244 ib.
222 4186 276 4243 Pro
290 4189 358 4244 τινὸς
371 4186 427 4262 leg.
438 4186 505 4244 τούς.
695 4204 736 4260 καὶ
749 4207 845 4260 κάππα,

168 4295 216 4358 52.
231 4282 302 4341 eod.
317 4283 426 4340 maleo.
441 4306 477 4340 κε
