2782 4972
121 288 166 349 20
566 282 782 348 ORIGENIS

121 444 251 549 θερμὸν
264 444 307 526 rb
324 456 409 549 πῦρ.
442 446 668 546 Γεννῶμενον
682 443 718 524 δέ
731 443 774 525 rb
790 454 863 548 πῦρ
878 442 946 525 ῦπδ
966 446 1095 529 ῦδατος
1113 478 1210 524 κατα·

121 578 264 671 νικήσω
281 569 347 670 τὴν
364 581 431 651 τοῦ
449 572 690 673 γεννήσαντος
716 572 878 671 δύναμιν,
898 574 1092 671 ουστῆσαί
1105 606 1144 652 τε
1159 569 1248 658 τδνιο

121 696 271 796 κόσμον.
311 695 391 796 Τὴν
409 695 447 776 δέ
463 696 589 805 ψυχήν
606 696 693 778 ποτὲ
710 697 775 797 μὲν
792 695 996 805 ἐγκέφαλον
1014 699 1120 805 ἔχειν,
1139 695 1218 779 ποτέ

121 825 157 903 δὲ
177 828 283 928 ὕδωρ,
304 828 363 903 καὶ
389 822 489 928 παρά
512 824 554 905 rb
580 820 727 929 σπέρμα
745 822 831 904 εἶναι
848 823 891 905 rb
910 823 1127 932 φαινόμενον
1143 826 1219 923 ἡμῖν

121 948 165 1054 ἐξ
182 954 305 1054 ὑγροῦ,
324 948 367 1052 ἐξ
385 950 426 1029 οὗ
445 959 539 1055 φησι
557 947 683 1057 ψυχήν
700 951 874 1050 γίνεσθαι.

178 1212 303 1286 Ταῦτα
321 1203 386 1303 μὲν
405 1204 467 1282 οὖν
485 1206 614 1286 ἱκανῶς
632 1205 802 1303 δοκοῦμεν
819 1200 1117 1307 παρατεθεικὲναι.
1156 1201 1221 1282 Διὸ

123 1336 219 1412 δοκεῖ
238 1330 368 1412 λοιπδν
386 1327 569 1433 αὐτάρκως
594 1331 859 1435 διαδραμόντων
876 1332 977 1430 ἡμῶν
994 1329 1041 1410 τά
1058 1337 1135 1416 τοῖς
1152 1338 1256 1436 (δυ-45

124 1463 238 1542 σικοῖς
257 1453 426 1560 δόξαντα,
443 1460 655 1560 ἀναδραμεῖν
667 1460 723 1537 ἐπὶ
737 1455 931 1561 Σωκράτην
944 1461 1004 1535 καὶ
1023 1455 1221 1555 Πλάτωνα,

123 1581 157 1663 οἳ
174 1581 217 1663 rb
235 1580 357 1681 ἠθικδν
374 1581 539 1681 μάλιστα
556 1584 813 1686 προετίμησαν·

512 1828 601 1892 Ilum
629 1829 834 1894 Σοκοκτοττ.

178 1975 226 2054 ‘O
244 1972 309 2073 μέν
328 1976 390 2054 οῦν
406 1971 600 2077 Σωκράτης
618 1974 750 2073 γίνεται
762 1969 966 2077 Ἀρχελάου
983 1981 1048 2051 τοῦ
1067 1980 1226 2077 φυσικοῦ

122 2100 313 2204 ἀκροατής·
345 2101 384 2185 δς
401 2099 443 2181 rb
462 2106 572 2201 γνῶθι
591 2097 727 2179 σαῦτδν
739 2097 966 2202 προτιμήσας
984 2102 1043 2177 καὶ
1060 2096 1266 2199 μεγοὶλην5ο

123 2225 268 2331 σχολὴν
295 2226 489 2324 συστήσας
514 2225 599 2330 ἔσχε
622 2223 768 2305 πάντων
789 2232 862 2305 τῶν
879 2230 1049 2324 μαθητῶν
1067 2223 1225 2306 ἱκανάτε·

122 2386 188 2455 ρον
205 2349 269 2429 τὸν
290 2346 486 2447 Πλάτωνα,
507 2349 614 2437 αῦτδς
636 2350 700 2450 μὲν
717 2350 804 2452 μήδε
824 2349 1095 2454 συγγράμματα
1113 2386 1225 2432 κατα-

123 2474 252 2555 λιπών.
302 2477 351 2555 Ὁ
371 2473 407 2552 δὲ
427 2474 587 2556 Πλάτων
604 2475 671 2576 τήν
688 2485 814 2558 πᾶσαν
838 2481 947 2559 αὐτοῦ
973 2479 1113 2584 σοφίαν
1131 2481 1223 2559 ἀπο·

121 2598 327 2704 μαξάμενος
362 2600 569 2702 συνέστησε
605 2601 647 2682 rb
691 2607 953 2701 διδασκαλεῖον,
989 2601 1098 2706 μίξας
1136 2607 1228 2702 ὁμοῦ

122 2726 294 2834 φυσικὴν,
310 2727 447 2830 ἠθικὴν,
463 2729 697 2830 διαλεκτικήν.
719 2727 772 2809 ὁΑ
788 2728 825 2809 δὲ
843 2734 863 2810 ὁ
883 2728 1043 2811 Πλάτων
1061 2728 1225 2834 ὁρίζεται,
1236 2769 1251 2829 ⁵
1255 2766 1271 2829 5

120 2865 245 2937 ταῦτα.

514 3085 604 3150 [lum
632 3084 832 3149 Πικτουοε.

178 3221 340 3303 Πλάτων
366 3223 480 3328 ἀρχὰς
507 3220 593 3303 εἶναι
619 3234 684 3304 τοῦ
711 3220 846 3309 παντδς
872 3221 953 3304 θεδν
972 3226 1030 3303 καὶ
1055 3226 1149 3324 ῦλην
1167 3230 1227 3306 καὶ

122 3348 359 3453 παράδειγμα·
390 3348 471 3430 θεὸν
494 3349 558 3449 μέν
583 3349 647 3432 τδν
670 3349 821 3452 ποιητὴν
838 3357 897 3431 καὶ
922 3352 1225 3451 διακοσμήσαντα

120 3477 200 3558 τάδε
231 3478 273 3559 rb
304 3486 378 3559 πᾶν
410 3483 468 3559 καὶ
498 3481 761 3584 προνοούμενον
793 3484 915 3561 αὐτοῦ·
965 3484 1056 3580 ῦλην
1088 3480 1126 3559 δὲ
1156 3479 1274 3582 τὴνοο

120 3611 246 3686 πᾶσαν
266 3606 506 3705 ὑποκειμένην,
527 3607 572 3706 ἣν
594 3610 652 3686 καὶ
680 3605 875 3711 δεξαμενὴν
897 3611 956 3687 καὶ
982 3607 1129 3709 τιθήνην
1155 3644 1220 3688 κα·

121 3738 188 3828 λεΐ,
209 3730 253 3834 ἐξ
276 3732 319 3831 ἧς
344 3735 644 3833 διακοσμηθείοης
668 3734 835 3835 γενέσθω
862 3733 908 3814 τὰ
933 3734 1101 3838 τέσσαρα
1118 3770 1221 3816 στοι-

120 3863 210 3962 χεῖα,
236 3856 280 3962 ἐξ
309 3855 360 3938 ὧν
388 3858 608 3958 συνέστηκεν
637 3864 656 3941 ὁ
685 3860 835 3960 κόσμος,
856 3861 979 3966 πυρδς,
1001 3862 1117 3966 άέρος,
1139 3868 1220 3964 γῆς,

122 3987 259 4081 ῦδατος,
280 3982 325 4089 ἐξ
341 3984 393 4065 ὧν
411 3989 470 4064 καὶ
493 3985 539 4065 τὰ
565 3988 667 4067 ἄλλα
694 3987 813 4068 πάντα
838 3989 1066 4093 συγκρίματα
1084 3991 1220 4070 καλοῦ·

160 4260 209 4316 40,
237 4249 398 4316 ωτωικῆσω
432 4246 515 4305 Taur.
551 4248 646 4307 Solus.
688 4252 831 4323 δεξαμένην.

119 4324 180 4383 Alii
194 4325 275 4382 codd.
291 4331 463 4397 κατανικῦσαν.
729 4334 777 4403 64.
791 4335 888 4388 ἅπαντα
902 4335 1069 4405 ανγκράματο
1080 4331 1166 4389 Taur.

160 4406 209 4463 61.
232 4409 366 4480 δεξαμενήν
387 4408 467 4466 Med.
504 4410 648 4468 Edebatur
