2782 4972
363 308 427 371 152
804 308 1019 375 ORIGENIS

361 473 425 567 τῆς
443 473 520 569 γῆς,
538 478 684 548 ποιοῦσι
702 468 766 550 τὸν
783 471 984 573 ἅνθροπον.
1029 471 1097 549 Ἐκ
1119 468 1159 548 δέ
1180 475 1258 549 τῶν
1288 476 1354 570 θηι

361 600 488 696 μερῶν,
502 599 607 702 φησὶ,
620 602 779 696 γίνονται
797 594 844 675 τὰ
862 597 967 699 θηρία
984 600 1043 675 καὶ
1061 594 1107 675 τὰ
1125 593 1241 675 λοιπὰ
1261 592 1353 703 ζῷα.

361 720 550 822 ἄνθρωπον
577 723 641 801 οὖν
670 723 815 821 ἐποίησε
842 722 1035 820 σύμβολον
1061 725 1125 819 τῆς
1152 718 1326 820 ἑνᾶιητος
1360 768 1366 792 ν

361 850 419 925 καὶ
446 848 593 945 εὐνοίας,
614 851 672 926 καὶ
699 850 940 928 κατατίθενται
967 846 1033 932 τὰς
1058 848 1196 927 ἑαυτῶν
1223 846 1375 946 δυνάμει

361 971 483 1071 αὐτὸν,
504 975 614 1074 Ἐδέμ
642 975 707 1074 μέν
734 971 800 1073 τὴν
830 972 970 1080 ψυχὴν,
991 975 1149 1071 Ἐλωεὶμ
1175 972 1212 1051 δὲ
1239 974 1286 1054 τὸ
1313 1010 1345 1055 π
1389 1027 1391 1046 ι

361 1103 435 1179 Καὶ
458 1102 591 1202 γίνεται
618 1102 721 1180 οἱονεὶ
749 1102 912 1206 σφραγίς
939 1136 992 1185 τις
1014 1103 1104 1199 αὕτη
1132 1102 1192 1179 καὶ
1219 1103 1351 1208 φιλίας

358 1261 495 1327 μνημα,
516 1230 574 1308 καὶ
597 1227 790 1327 σύμβολον
807 1226 955 1333 ,αἰώνιον
972 1236 1037 1306 τοῦ
1055 1224 1175 1328 γάμου
1193 1232 1260 1326 τῆς
1276 1228 1365 1307 Ἐδέ

358 1362 423 1432 τοῦ
436 1354 593 1453 Ἐλωεὶμ
609 1354 809 1455 ἅνθρωπος,
828 1356 848 1433 ὁ
865 1351 998 1452 Ἀδάμ.
1034 1351 1246 1450 Ὀμοίωςδέ
1266 1356 1369 1451 καὶὴ

358 1478 494 1580 γέγονε,
526 1485 654 1586 φησὶν,
688 1478 813 1582 ὥσπερ
848 1486 982 1558 Μωσεῖ
1010 1480 1227 1580 γέγραπται,
1264 1478 1371 1560 εἰκὼν

358 1604 565 1703 σύμβολον,
599 1610 763 1713 σφραγὶς
798 1610 846 1690 είς
882 1610 993 1684 αἰῶνα
1030 1604 1366 1712 φυλαχθησόμενος

358 1727 479 1829 Ἐδέμ·
500 1732 667 1831 κατετέθη
680 1766 718 1813 τε
737 1733 866 1830 ὁμοίως
884 1735 941 1811 καὶ
959 1731 996 1809 έν
1012 1733 1149 1836 τῇΕὸᾳ
1166 1734 1214 1835 τῇ
1232 1732 1342 1812 εἰκόνι

357 1857 422 1957 μέν
447 1856 519 1939 ἀπὸ
546 1864 610 1957 τῆς
626 1858 749 1958 Ἐδέμ,
769 1867 908 1957 πνεῦμα
926 1855 962 1935 δέ
989 1854 1061 1937 ἀπὸ
1079 1864 1144 1937 τοῦ
1161 1856 1340 1959 Ἑλωείμ.

355 1984 533 2086 ἐδόθησαν
554 1987 696 2065 ε’ντολαὶ
720 1988 852 2082 αὐτοῖς,
873 1995 895 2031 “
909 1982 1119 2087 Αὐξιίνεσθε
1144 1986 1204 2064 καὶ
1228 1986 1360 2085 πληθό
1387 2030 1391 2056 ;

356 2116 415 2191 καὶ
442 2110 829 2215 κατακληρονομήσατε
855 2108 922 2209 τὴν
948 2110 1037 2212 γῆν”
1056 2110 1221 2191 τουτέστι
1248 2110 1320 2211 τὴν
1336 2115 1391 2194 Ἐ

357 2242 450 2317 οὕτω
478 2238 549 2341 γὰρ
576 2238 668 2318 θέλει
696 2237 909 2345 γεγράφθω.
971 2244 1105 2317 Πᾶσαν
1132 2237 1207 2341 γὰρ
1234 2237 1304 2338 τὴν
1337 2243 1378 2320 ἔα

356 2361 504 2459 δύναμιν
524 2366 629 2442 οἱονεί
643 2400 722 2443 τινα
741 2368 868 2446 οὐσίαν
885 2368 924 2445 ἐν
942 2363 1048 2471 γοίμιρ
1065 2366 1087 2463 ἡ
1103 2364 1215 2464 Ἐδέμ
1230 2367 1361 2469 προσ-ἡ
1389 2428 1391 2436 ,

353 2491 405 2593 τῷ
432 2488 597 2587 Ἐλωείμ.
640 2488 767 2589 Ὅθεν,
795 2496 901 2597 φησὶ,
932 2490 1023 2572 κατὰ
1051 2493 1204 2591 μίμησιν
1233 2494 1371 2575 ἐκείνου

353 2614 498 2719 πρώτου
523 2612 642 2716 γοίμου
666 2624 796 2720 προῖκα
822 2614 1076 2724 προσφέρουσι
1100 2613 1206 2721 μέχρι
1230 2618 1377 2723 σήμερο

352 2750 514 2844 γυναῖκες
531 2749 605 2827 τοῖς
623 2741 774 2845 ἀνδράσι
794 2747 874 2850 θείη)
892 2749 959 2824 τινὶ
984 2749 1041 2824 καὶ
1067 2747 1229 2851 πατρικῷ
1253 2744 1357 2855 νόμῳ

352 2868 495 2969 θόμεναι
522 2874 573 2975 τῷ
601 2864 779 2975 γενομένῳ
805 2868 897 2973 πρὸς
914 2871 1071 2969 Ἐλωεὶμ
1094 2875 1158 2968 τῆς
1175 2869 1302 2970 Ἐδέμ.
1389 2901 1391 2913 ·

352 2992 514 3078 σθέντων
538 2993 574 3074 δέ
601 2993 760 3091 πάντων,
782 2999 830 3079 ὡς
856 2992 1056 3099 γέγραπται
1082 2995 1181 3098 παρὰ
1207 3003 1261 3104 τῷ
1289 3006 1389 3081 Μωῡ

352 3243 568 3353 διῃρέθησαν
587 3253 618 3327 οἱ
638 3247 772 3327 δώδεκα
789 3253 854 3347 τῆς
871 3248 1007 3352 μητρὸς
1024 3250 1188 3350 ἄγγελοι,
1210 3253 1270 3329 καὶ
1295 3262 1388 3329 καλε

351 3373 487 3456 τούτων
516 3375 671 3455 ἕκαστον
700 3374 974 3479 τεταρτημόριον
1002 3375 1176 3473 ποταμὸς,
1205 3376 1369 3474 Φεισὼν,

352 3500 460 3598 Γεὼν,
479 3503 538 3579 καὶ
556 3501 692 3603 Τίγρις,
711 3506 768 3580 καὶ
792 3500 997 3609 Εὐφράτης,
1018 3507 1075 3599 ὡς,
1095 3506 1199 3608 φησὶ,
1217 3501 1316 3603 λέγει
1338 3510 1391 3583 M

350 3634 432 3726 σῆς·
463 3629 558 3707 οὗτοι
576 3629 839 3734 έμπεριέχονται
858 3634 890 3707 οἱ
910 3628 1045 3708 δώδεκα
1062 3630 1214 3728 ἄγγελοι
1232 3634 1282 3713 εἰς
1300 3629 1385 3709 τέττ

348 3752 437 3856 μέρη
473 3755 867 3856 σνμπεριπεπλεγμένοι
905 3759 962 3835 καὶ
995 3756 1156 3835 διέπουσι
1192 3752 1257 3833 τὸν
1296 3754 1370 3835 κιίσ

254 3909 294 3973 55
312 3912 339 3954 v.
349 3877 575 3981 ἀστραπικήν
603 3913 681 3957 τινα
713 3880 852 3985 ἔχοντες
880 3880 971 3960 κατὰ
999 3890 1062 3960 τοῦ
1090 3880 1230 3978 κόσμου
1256 3880 1360 3983 παρὰ

348 4003 458 4106 Ἐδέμ
482 4004 663 4109 ἐξουσίαν.
724 4008 887 4089 Μένουσι
915 4009 952 4088 δὲ
981 4011 1044 4088 οὐκ
1071 4010 1124 4087 ἀεὶ
1150 4010 1206 4088 ἐπὶ
1232 4014 1306 4087 τῶν
1330 4043 1368 4087 τ

348 4141 421 4213 τῶν
444 4136 575 4230 αὐτῶν,
596 4132 681 4212 ἀλλ’
703 4139 805 4214 οἱονεὶ
824 4137 860 4215 έν
878 4145 977 4244 χορῷ
996 4141 1152 4242 κυκλικῲ
1170 4136 1354 4240 ἐμπεριέχο

391 4307 437 4345 22.
453 4288 524 4345 Cod.
541 4290 577 4345 dc
590 4290 687 4342 ἔαυτόν.
959 4294 1008 4362 46.
1031 4293 1101 4366 Leg.
1118 4290 1285 4363 σατραπικήν.
1326 4289 1374 4346 De

390 4369 437 4425 28.
452 4369 523 4445 Leg.
538 4369 765 4443 φυλοχθηοομένη,
919 4372 982 4429 vide
997 4374 1114 4429 Aristot.
1129 4372 1164 4429 de
1179 4370 1291 4428 Mundo
1306 4389 1332 4429 c.
1344 4373 1374 4427 6.

388 4467 436 4523 37.
452 4452 512 4527 θείῳ
525 4455 573 4509 τινὶ
587 4451 630 4507 bis
645 4450 673 4507 in
688 4449 794 4507 codice.
