2782 4972
130 267 173 328 34
573 262 745 327 ORIGEN
748 262 788 326 IS
1184 257 1238 320 lv.
1253 273 1299 319 2-

96 443 119 498 2
187 425 337 510 Τούτοις
369 424 588 530 χρησάμενοι
621 422 817 530 Εὐφράτης
849 425 869 502 ὁ
906 419 1141 528 Περ[ατικδς]
1180 424 1234 500 καὶ

131 551 311 652 Ἀκεμβὴς
337 553 356 630 ὁ
384 552 588 655 Καρύστιος
614 555 671 630 καὶ
698 553 718 630 ὁ
743 550 870 634 λοιπὸς
895 549 1031 630 τούτων
1053 546 1164 653 χορός
1188 553 1235 653 τῷ

130 676 232 785 λόγῳ
254 684 340 784 [τῷ]
362 681 425 775 τῆς
445 678 614 777 ἀληθείας
631 674 919 774 ἐπονομάσαντες
937 675 1076 755 αἰώνων
1101 674 1234 754 στάσιν

131 808 190 884 καὶ
213 802 421 883 ἀπόστασιν
448 806 634 905 ἀ[γαθῶν]
652 801 835 904 δυνάμεων
861 807 909 886 εἷς
936 801 1029 882 κακά
1051 806 1112 881 καὶ
1136 832 1272 898 συμ-ιο

131 932 266 1036 φωνίας
285 934 431 1031 ἀγαθῶν
449 928 539 1028 μετὰ
555 937 722 1033 πονηρῶν
739 928 1062 1033 προσαγορεύουσι,
1077 936 1228 1007 καλοῦν·

130 1090 185 1141 τες
198 1054 381 1160 τοπάρχας
393 1060 450 1135 καὶ
463 1058 698 1159 προαστείους
710 1060 768 1136 καὶ
782 1056 884 1136 ἀλλα
893 1063 1054 1137 πλεῖστα
1064 1055 1229 1156 ὀνόματα·

129 1180 179 1262 ῶν
205 1190 330 1263 πᾶσαν
354 1181 420 1281 τὴν
451 1185 758 1286 ἐπικεχειρημένην
786 1183 926 1285 αἵρεσιν
950 1180 1152 1281 ἐκθήσομαι
1176 1183 1230 1259 καὶ

129 1309 311 1415 διελέγξω,
333 1309 421 1388 ε’πάν
445 1315 493 1391 είς
520 1306 584 1388 τόν
606 1313 687 1412 περὶ
713 1308 849 1389 τούτων
876 1308 989 1410 λόγον
1017 1307 1225 1414 φθάσωμεν.

129 1439 223 1514 Νυνὶ
240 1433 288 1531 δέ,
302 1434 352 1534 μή
370 1435 465 1514 ποτέ
475 1470 528 1519 τις
547 1437 679 1541 νομίσῃ
696 1434 813 1516 πιστά
831 1432 919 1514 εἶναι
937 1437 996 1513 καὶ
1012 1437 1171 1539 ἀσφαλῆ
1187 1431 1266 1519 τά25

128 1569 202 1645 τοῖς
220 1564 417 1647 Χαλδαίοις
436 1562 671 1661 νενομισμένα
688 1565 770 1664 περὶ
787 1560 852 1661 τὴν
871 1559 1141 1663 ἀστρολογικὴν
1158 1559 1225 1658 μα’·

129 1693 249 1786 θησιν,
266 1689 328 1766 ούκ
348 1686 549 1788 ὀκνήσομεν
567 1688 631 1768 τὸν
648 1689 741 1791 πρὸς
759 1687 905 1771 τούτους
923 1688 1074 1791 ἔλεγχον
1092 1688 1137 1766 δι’
1152 1690 1225 1766 ὀλί-

128 1850 204 1916 γων
227 1822 446 1918 παραθεῖναι,
472 1815 722 1899 ἐπιδεικνύντες
746 1816 901 1914 ματαίαν
927 1812 993 1912 τὴν
1015 1814 1158 1917 τέχνην,
1177 1816 1230 1892 καὶ

127 1950 272 2022 πλανᾶν
289 1950 434 2040 μᾶλλον
453 1945 511 2022 καὶ
530 1941 752 2048 ἐξαφανίζων
765 1938 891 2047 ψυχὴν
909 1939 1106 2040 δυναμένην
1125 1942 1227 2020 ε’λπί-

1 2077 50 2143 ιοΙ.
63 2099 77 2143 1
91 2102 119 2146 v.
128 2069 261 2173 ζουσαν
286 2068 419 2169 μάταια
443 2067 465 2167 ἢ
493 2074 657 2174 ὠφελεῖν.
708 2067 777 2153 Οἷς
796 2071 837 2147 ού
855 2065 946 2147 κατά
963 2067 1090 2171 τέχνης
1108 2071 1227 2166 ε’μπει·
1238 2092 1269 2150 ³⁰

126 2197 207 2298 ρίαν
236 2193 454 2298 ε’[ν]ε’χομεν,
483 2196 568 2273 ἀλλ’
599 2197 638 2274 ἐκ
675 2199 739 2293 τῆς
770 2200 842 2273 τῶν
875 2199 1079 2296 πρακτικῶν
1110 2192 1232 2296 λόγων

130 2321 349 2424 [γνῶ]σεως.
400 2326 450 2399 Οἱ
476 2320 608 2419 ταύτην
628 2319 693 2420 τὴν
718 2320 879 2420 μάθησιν
906 2318 1103 2419 ἠσκηκότες
1121 2325 1227 2399 Χαλ·

128 2445 235 2523 δαίων
260 2444 442 2545 γενόμενοι
468 2447 637 2546 ὁμιληταὶ
663 2452 711 2530 ῶς
735 2446 820 2553 ξένα
847 2453 921 2529 τοῖς
944 2446 1146 2549 ἀνθρώποις
1175 2449 1232 2526 καὶ

128 2569 311 2668 θαυμάσια
338 2572 582 2669 μεταδιδόντες
610 2572 792 2678 μυστήρια
816 2581 889 2658 τοῖς
917 2571 1093 2666 ὀνόμασιν
1120 2576 1229 2655 ε’ναλ·

127 2696 302 2804 λάξαντες
328 2700 465 2803 αἵρεσιν
493 2700 592 2780 ἔνθεν
619 2699 908 2799 συνεστήσαντο·
948 2702 1032 2779 ἀλλ’
1062 2704 1138 2781 ἐπεὶ
1167 2699 1271 2800 ιὴν35

126 2832 198 2904 τῶν
223 2824 462 2930 ἀστρολόγων
479 2828 607 2929 τέχνην
626 2831 673 2909 ὡς
698 2825 851 2925 δυνατὴν
870 2828 1079 2925 νομίσαντες
1096 2834 1175 2913 ταῖς
1193 2862 1230 2907 τε

125 2953 208 3054 παρ’
241 2955 357 3030 αύτῶν
385 2955 591 3056 μαρτυρίαις
622 2953 797 3057 χρώμενοι
825 2951 872 3031 τά
895 2954 1161 3057 ἐπιχειρούμενα
1187 2958 1228 3035 δι’

126 3079 243 3156 αύτῶν
273 3079 509 3159 πιστεύεσθαι
545 3079 703 3175 θέλουσι,
737 3088 846 3158 τανῦν
883 3078 999 3164 καθὼς
1031 3081 1133 3188 έδοξε
1165 3082 1230 3182 τὴν

125 3203 392 3307 ἀστρολογικὴν
421 3206 639 3312 ἐπιδείξομεν
667 3205 886 3301 ἀσύστατον,
909 3206 1008 3290 αὖθις
1032 3207 1230 3307 μέλλοντες

124 3333 184 3409 καὶ
201 3329 266 3430 τὴν
286 3334 487 3436 Περατυθγν
505 3337 656 3437 ἀκυροῦν
675 3337 723 3418 ῶς
741 3332 876 3413 κλάδον
894 3335 932 3411 ἐκ
950 3333 1046 3435 ῥίζης
1064 3336 1273 3415 dovora-40

123 3490 187 3537 του
204 3467 413 3565 πεφυκυῖαν.

91 3600 112 3680 3
178 3583 293 3688 Ἀρχὴ
312 3583 377 3682 μὲν
403 3586 465 3664 οὖν
489 3589 549 3665 καὶ
571 3584 695 3690 ῶσπερ
720 3584 883 3685 θεμέλιός
908 3589 988 3665 ε’στι
1005 3589 1136 3685 στῆναι
1164 3585 1230 3667 τὸν

167 3888 212 3944 18.
236 3888 287 3945 Al.
302 3890 529 3958 Κελβηςδίοἰςυτ.
736 3893 785 3964 38.
808 3892 879 3950 Cod.
901 3896 994 3959 τοίνυν,
1017 3895 1093 3968 quod
1118 3898 1228 3954 mutavi

80 3985 83 3989 ’
166 3986 214 4039 24.
230 3969 303 4025 Cod.
318 3972 470 4041 φράσωμεν.
694 3974 722 4029 in
737 3978 822 4030 τανῦν.

166 4067 212 4122 ²7·
230 4048 301 4106 cod.
316 4052 381 4122 πρὸς
393 4051 501 4109 τούτοις.
735 4072 783 4126 42.
806 4054 878 4111 Haec
896 4053 925 4110 in
943 4056 1019 4112 Sext.
1034 4056 1144 4132 Empir.
1159 4059 1225 4115 adv.

165 4146 213 4205 29.
233 4130 305 4185 Cod.
327 4132 433 4200 πλάνην.
468 4136 566 4189 πλανᾶν
582 4133 650 4208 jun·
694 4133 805 4191 Astrol.
816 4135 853 4190 V.
864 4151 912 4210 50.
928 4155 954 4210 p.
965 4136 1035 4210 346.
1047 4137 1128 4210 Ἀρχὴ
1142 4142 1228 4195 τοίνυν

122 4210 246 4283 gendum
257 4228 321 4267 cum
329 4212 489 4284 ἐξαφανίζων
498 4215 650 4287 (μᾶλλον-
694 4217 743 4272 καί.

122 4290 285 4363 ηῶφελεῖν).
734 4295 772 4352 ib.
794 4294 867 4352 Cod.
890 4297 1033 4367 ἐπιστῆναι.
1074 4299 1154 4355 Sext.
1180 4305 1226 4370 τῆς

162 4388 210 4447 35.
232 4372 304 4432 Cod.
320 4375 371 4432 έπί.
694 4378 835 4447 Χαλδαῖκῆς
849 4378 906 4433 ἐστὶ
919 4380 949 4433 τὸ
962 4381 1062 4448 στῆναι.
