2782 4972
76 306 141 373 ιιυο
515 301 734 367 οιιιοσυιο
1171 300 1256 383 x.33.

77 467 251 573 ἔσφηλεν,
266 462 345 544 οῦδέ
363 464 525 565 ἄγγελον
545 460 609 570 (μὴ
627 471 787 567 πλανὼ),
799 463 889 541 ἀλλ’
906 463 1114 564 ἄνθρωπον.
1152 468 1190 541 Εἰ

79 591 153 696 γὰρ
170 593 250 671 θεόν
269 624 312 670 σε
335 585 493 688 ἡθίλησε
511 594 674 689 ποιῆσαι,
694 588 856 669 ἐδύνατο·
879 589 972 693 ἔχεις
989 598 1058 668 τοῦ
1076 589 1190 688 Λόγου

80 717 123 797 τό
141 715 375 820 παράδειγμα·
395 714 587 818 ἄνθρωπον
600 712 730 811 θίλων,
743 714 940 818 ἄνθρωπόν
956 749 1003 796 σε
1020 717 1224 813 ἐποίησενιο

82 850 111 922 εἰ
139 844 176 923 δὲ
202 840 317 926 θέλεις
339 843 397 920 καὶ
419 839 498 926 θεός
516 841 698 943 γενέσθω,
720 840 877 921 ὑπάκουε
898 845 953 948 τῷ
974 840 1185 939 πεποιηκότι,

84 972 143 1050 καὶ
167 967 217 1068 μὴ
242 970 421 1063 ἀντίβαινε
447 978 524 1065 νῦν,
553 969 612 1048 ἵνα
633 971 690 1050 ε’πὶ
717 974 768 1075 τῷ
792 971 912 1074 μικρῷ
940 965 1074 1052 πιστός
1099 971 1185 1069 εὑρε·

85 1101 165 1191 θεὶς,
180 1096 238 1172 καὶ
255 1091 298 1173 τό
317 1094 412 1194 με’γα
428 1099 661 1192 πιστωθῆναι
680 1098 846 1198 δυνηθῇς.
880 1093 1028 1173 Τούτου
1041 1097 1062 1172 5
1076 1092 1185 1192 Λόγος

85 1223 193 1321 μόνος
210 1219 255 1323 ἐξ
271 1224 393 1300 αὑτοῦ·
415 1219 470 1299 διό
488 1223 547 1299 καὶ
564 1218 655 1318 θεός,
676 1221 783 1299 οῦσία
802 1217 982 1324 ὑπάρχων
1001 1225 1110 1299 Θεοῦ.
1143 1222 1184 1299 Ὁ

86 1345 123 1424 δὲ
150 1345 288 1443 κόσμος
304 1343 348 1447 ἐξ
365 1345 516 1429 οὐδενός·
545 1341 597 1423 διό
617 1347 659 1423 οὑ
676 1344 766 1429 θεός·
797 1344 902 1428 οὑτος
921 1344 1116 1448 ἐπιδέχεται
1135 1348 1216 1444 καὶις

87 1471 197 1550 λύσιν
217 1471 274 1550 ὅτε
291 1470 462 1565 βούλεται
480 1473 500 1549 5
518 1472 658 1554 κτίσας.
694 1471 743 1548 ‘O
764 1469 801 1548 δὲ
820 1470 954 1555 κτίσας
972 1467 1069 1554 Θεός
1085 1469 1183 1548 κακόν

86 1597 150 1674 οῦκ
173 1597 279 1674 ἐποίει
304 1595 382 1674 οὐδὲ
406 1602 542 1674 ποιεῖ*
564 1594 678 1675 καλὸν
702 1598 760 1674 καὶ
787 1593 944 1695 ἀγαθόν,
967 1596 1104 1696 ἀγαθὸς
1121 1595 1182 1696 γὰρ

85 1722 246 1799 ὁποιὼν.
293 1721 343 1798 ‘O
362 1718 398 1797 δὲ
416 1719 603 1821 γενόμενος
620 1719 821 1823 ἄνθρωπος,
844 1718 940 1826 ζῷον
957 1719 1181 1823 αὐτεξούσιον

85 1843 143 1944 ἦν,
167 1849 230 1925 οῦκ
258 1845 383 1951 όίρχον,
404 1848 445 1924 οῦ
471 1855 555 1925 νοῦν
582 1844 676 1950 ἕχον,
698 1847 762 1924 οῦκ
788 1847 928 1951 ἐπινοίᾳ
956 1849 1016 1924 καὶ
1044 1845 1182 1951 ἕξουσίν

86 1976 145 2050 καὶ
172 1969 315 2068 δυνάμει
342 1968 488 2050 πάντων
512 1980 677 2074 κρατοῦν,
699 1969 799 2048 ἀλλὰ
822 1973 961 2051 δοῦλον
986 1975 1046 2051 καὶ
1073 1972 1215 2063 πάνταμ

86 2096 170 2202 ἕχον
188 2096 233 2177 τὰ
251 2097 402 2177 ἐναντία·
428 2095 467 2181 ῦς
484 2099 536 2201 τῷ
553 2093 786 2198 αὐτεξούσιον
805 2093 995 2202 ὑπάρχειν,
1014 2096 1058 2178 τὸ
1082 2096 1183 2178 κακόν

84 2225 263 2329 ε’πιγεννᾷ,
293 2225 331 2302 ἐκ
359 2220 631 2321 συμβεβηκότος
660 2219 949 2319 ἀποτελούμενον
976 2224 1044 2323 μὲν
1074 2224 1180 2319 οῦδὲν,

84 2347 146 2426 ἐὰν
162 2347 213 2446 μὴ
231 2353 348 2452 ποιῇς.
389 2349 455 2428 Ἐν
473 2347 546 2450 γὰρ
562 2352 614 2453 τῷ
632 2344 748 2426 θέλειν
766 2351 824 2427 καὶ
843 2347 998 2449 νομίζειν
1015 2385 1051 2428 τι
1068 2350 1182 2448 κακόν,

82 2472 124 2553 τὸ
152 2472 261 2553 κακόν
289 2473 506 2575 ὀνομάζεται,
528 2476 591 2553 οῦκ
619 2471 660 2553 ὃν
687 2472 747 2553 ἀπ’
766 2476 893 2578 ἀρχῆς,
919 2476 1011 2553 ἀλλ’
1030 2475 1179 2577 ἐπιγινό-

81 2632 199 2696 μενον.
237 2600 296 2679 Οὑ
314 2598 547 2702 αὑτεξουσίον
565 2600 680 2696 ὄντος,
697 2597 804 2699 νόμος
823 2596 892 2678 ὑπὸ
911 2605 1012 2681 Θεοῦ
1030 2601 1177 2705 ὡρίζετο,
1186 2641 1215 2697 35

81 2727 124 2803 οῦ
150 2723 279 2824 μάτην·
312 2724 448 2828 οὐγὰρ
471 2723 521 2824 μὴ
546 2722 637 2830 εἶχεν
663 2728 683 2804 5
706 2724 893 2826 ἅνθρωπος
917 2724 962 2805 τὸ
987 2724 1105 2807 θίλειν
1128 2733 1179 2806 καὶ

79 2850 122 2930 τό
153 2849 203 2950 μὴ
236 2849 352 2930 θίλειν
383 2886 429 2947 τι,
454 2854 512 2928 καὶ
546 2848 653 2948 νόμος
683 2848 836 2953 ὡρίζετο.
894 2852 945 2929 ‘O
977 2852 1087 2951 νόμος
1113 2853 1178 2957 γὰρ

80 2977 205 3085 ἀλόγῳ
224 2976 303 3086 ζῴῳ
322 2981 389 3083 οὑχ
407 2976 651 3080 ὁρισθήσεται,
668 2976 769 3055 ἀλλὰ
784 2975 934 3082 χαλινός
950 2984 1014 3058 καὶ
1029 2979 1175 3084 μάστιξ,

0 3132 33 3190 ;4
44 3105 256 3212 ιοίνθριόπῳ
283 3105 321 3183 δὲ
344 3101 473 3202 ἐντολὴ
490 3108 548 3183 καὶ
564 3102 768 3207 πρόστιμον
785 3111 849 3183 τοῦ
866 3111 982 3183 ποιεῖν
1000 3104 1044 3186 τό
1059 3142 1174 3210 προσ·

77 3232 293 3332 τεταγμένον
325 3233 383 3310 καὶ
419 3229 469 3330 μὴ
500 3238 623 3310 ποιεῖν·
661 3229 777 3337 τούτῳ
812 3229 922 3328 νόμος
954 3235 1095 3336 ὡρίσθη
1123 3231 1213 3323 διόιο

77 3358 219 3436 δικαίων
238 3361 378 3460 ἀνδρῶν
395 3355 583 3436 ἐποίνωθεν.
629 3354 785 3455 Ἐγγιον
808 3357 909 3455 ἡμῶν
928 3356 987 3435 διὰ
1005 3368 1070 3438 τοῦ
1086 3393 1172 3462 προ-

74 3484 254 3585 ειρημένου
283 3484 485 3578 Μωῦσίως,
513 3480 642 3585 ἀνδρὸς
672 3484 850 3576 εῦλαβοῦς
876 3487 935 3561 καὶ
968 3489 1170 3590 θεοφιλοῦς,

74 3605 181 3704 νόμος
218 3607 359 3710 ὡρίζετο
395 3606 538 3710 πλήρης
575 3604 793 3705 σεμνότητος
833 3610 891 3685 καὶ
934 3608 1168 3707 δικαιοσύνης.

73 3731 131 3812 Τὰ
146 3731 182 3810 δὲ
199 3732 319 3813 πάντα
338 3737 492 3812 διοικεῖό
512 3731 633 3832 Λόγος
652 3735 672 3811 5
691 3737 801 3829 Θεοῦ,
820 3735 840 3811 5
857 3732 1091 3835 πρωτόγονος
1102 3770 1169 3814 πα·

71 3856 155 3958 πρὸς
182 3867 278 3954 παῖς,
306 3861 328 3957 ἡ
355 3858 426 3962 πρὸ
454 3856 644 3960 ἑωσφόρον
672 3859 875 3963 φωσφόρος
902 3858 1023 3963 φωνή·
1058 3859 1208 3953 ἕπειταις

114 4034 160 4072 οι.
177 4018 283 4073 Matth.
299 4019 394 4084 XXV,
412 4037 456 4074 ιι.
641 4040 725 4087 μενον,
741 4017 770 4073 ὃν
783 4017 865 4081 οὐδέν,
881 4037 934 4094 pro
947 4015 1001 4089 μίῦ.

113 4114 158 4169 27.
177 4098 245 4153 Post
263 4101 332 4153 ποιεῖ
348 4098 439 4154 insere
458 4101 480 4152 εἰ
495 4100 539 4166 μὴ,
556 4098 599 4153 vel
684 4115 731 4171 35.
748 4096 814 4152 Vox
829 4098 859 4154 οῦ
873 4117 990 4172 prorsus
1004 4102 1130 4157 evanida.

68 4186 144 4232 certe
159 4182 181 4247 ἤ.
682 4179 729 4248 36.
746 4179 824 4234 Fort.
840 4180 863 4233 εἰ
874 4181 925 4252 γὰρ
939 4180 984 4249 μή.

109 4273 156 4327 30.
172 4257 243 4313 Cod,
260 4263 364 4328 κρατῶν.
682 4259 730 4330 38.
746 4259 817 4314 Cod.
832 4260 954 4331 μάστιγξ.

108 4351 157 4402 31.
174 4337 245 4392 cod.
260 4339 353 4407 ἔχοντα
367 4339 402 4393 ε’ν.
682 4356 730 4408 42.
748 4338 820 4394 Cod.
838 4339 972 4396 Μωῦσίος.

108 4431 154 4484 32.
177 4416 344 4491 Legendum
364 4425 433 4490 puto
454 4416 596 4472 ἀποτελού-
