<?xml version="1.0" encoding="UTF-8"?>
<!DOCTYPE html PUBLIC "-//W3C//DTD XHTML 1.0 Transitional//EN"
    "http://www.w3.org/TR/xhtml1/DTD/xhtml1-transitional.dtd">
<html xmlns="http://www.w3.org/1999/xhtml" xml:lang="en" lang="en">
 <head>
  <title>
</title>
<meta http-equiv="Content-Type" content="text/html;charset=utf-8" />
  <meta name='ocr-system' content='tesseract 3.04.00' />
  <meta name='ocr-capabilities' content='ocr_page ocr_carea ocr_par ocr_line ocrx_word'/>
</head>
<body>
  <div class='ocr_page' id='page_1' title='image "./origenisphiloso00origgoog_0273.png"; bbox 0 0 2782 4972; ppageno 0'>
   <div class='ocr_carea' id='block_1_1' title="bbox 114 307 1272 392">
    <p class='ocr_par' dir='ltr' id='par_1_1' title="bbox 114 307 1272 392">
     <span class='ocr_line' id='line_1_1' title="bbox 114 307 1272 392; baseline -0.01 -11"><span class='ocrx_word' id='word_1_1' title='bbox 114 320 179 381; x_wconf 65' lang='lat'>254</span> <span class='ocrx_word' id='word_1_2' title='bbox 555 312 771 377; x_wconf 85' lang='lat' dir='ltr'>ORIGENIS</span> <span class='ocrx_word' id='word_1_3' title='bbox 1141 307 1272 392; x_wconf 77' lang='lat' dir='ltr'>v11.31-</span> 
     </span>
    </p>
   </div>
   <div class='ocr_carea' id='block_1_2' title="bbox 27 472 1251 2097">
    <p class='ocr_par' dir='ltr' id='par_1_2' title="bbox 115 472 1249 834">
     <span class='ocr_line' id='line_1_2' title="bbox 115 472 1249 582; baseline -0.012 -19"><span class='ocrx_word' id='word_1_4' title='bbox 115 480 180 563; x_wconf 85' lang='grc' dir='ltr'>τδν</span> <span class='ocrx_word' id='word_1_5' title='bbox 198 479 330 557; x_wconf 92' lang='grc' dir='ltr'>δίκαιον</span> <span class='ocrx_word' id='word_1_6' title='bbox 354 474 467 577; x_wconf 92' lang='grc' dir='ltr'>λόγον</span> <span class='ocrx_word' id='word_1_7' title='bbox 489 474 553 556; x_wconf 82' lang='grc' dir='ltr'>τὸν</span> <span class='ocrx_word' id='word_1_8' title='bbox 571 480 616 581; x_wconf 74' lang='grc' dir='ltr'>τῇ</span> <span class='ocrx_word' id='word_1_9' title='bbox 634 478 740 582; x_wconf 78' lang='grc' dir='ltr'>φιλίᾳ</span> <span class='ocrx_word' id='word_1_10' title='bbox 758 472 1104 574; x_wconf 74' lang='grc' dir='ltr'>συναγωνιζόμενον</span> <span class='ocrx_word' id='word_1_11' title='bbox 1123 477 1249 558; x_wconf 64' lang='grc' dir='ltr'>Μαι-55</span> 
     </span>
     <span class='ocr_line' id='line_1_3' title="bbox 118 597 1217 706; baseline -0.012 -17"><span class='ocrx_word' id='word_1_12' title='bbox 118 642 192 689; x_wconf 89' lang='grc' dir='ltr'>σον</span> <span class='ocrx_word' id='word_1_13' title='bbox 227 609 247 684; x_wconf 86' lang='grc' dir='ltr'>ὁ</span> <span class='ocrx_word' id='word_1_14' title='bbox 279 605 529 702; x_wconf 76' lang='grc' dir='ltr'>Ἐμπεδοκλῆς</span> <span class='ocrx_word' id='word_1_15' title='bbox 560 600 859 706; x_wconf 79' lang='grc' dir='ltr'>προσαγορεύων,</span> <span class='ocrx_word' id='word_1_16' title='bbox 895 605 957 680; x_wconf 78' lang='grc' dir='ltr'>καὶ</span> <span class='ocrx_word' id='word_1_17' title='bbox 992 597 1103 682; x_wconf 75' lang='grc' dir='ltr'>αὐτὸς</span> <span class='ocrx_word' id='word_1_18' title='bbox 1132 600 1217 704; x_wconf 75' lang='grc' dir='ltr'>αὐτῷ</span> 
     </span>
     <span class='ocr_line' id='line_1_4' title="bbox 118 725 993 834; baseline -0.005 -20"><span class='ocrx_word' id='word_1_19' title='bbox 118 729 423 834; x_wconf 89' lang='grc' dir='ltr'>συναγωνίζεσθαι</span> <span class='ocrx_word' id='word_1_20' title='bbox 439 736 653 834; x_wconf 83' lang='grc' dir='ltr'>παρακαλεῖ,</span> <span class='ocrx_word' id='word_1_21' title='bbox 673 728 792 830; x_wconf 80' lang='grc' dir='ltr'>λε’γων</span> <span class='ocrx_word' id='word_1_22' title='bbox 807 725 883 806; x_wconf 66' lang='grc' dir='ltr'>οἶδε’</span> <span class='ocrx_word' id='word_1_23' title='bbox 896 758 993 810; x_wconf 89' lang='grc' dir='ltr'>πως·</span> 
     </span>
    </p>

    <p class='ocr_par' dir='ltr' id='par_1_3' title="bbox 269 872 1077 973">
     <span class='ocr_line' id='line_1_5' title="bbox 269 872 1077 973; baseline -0.006 -26"><span class='ocrx_word' id='word_1_24' title='bbox 269 877 384 973; x_wconf 83' lang='grc' dir='ltr'>είκοίραι</span> <span class='ocrx_word' id='word_1_25' title='bbox 401 875 553 973; x_wconf 82' lang='grc' dir='ltr'>φημερίαν</span> <span class='ocrx_word' id='word_1_26' title='bbox 569 875 662 947; x_wconf 73' lang='grc' dir='ltr'>ἕνεκεν</span> <span class='ocrx_word' id='word_1_27' title='bbox 678 872 766 960; x_wconf 84' lang='grc' dir='ltr'>τινδς,</span> <span class='ocrx_word' id='word_1_28' title='bbox 784 872 926 970; x_wconf 83' lang='grc' dir='ltr'>ἀμβροτε</span> <span class='ocrx_word' id='word_1_29' title='bbox 946 878 1077 954; x_wconf 78' lang='grc' dir='ltr'>Μοῦσα,</span> 
     </span>
    </p>

    <p class='ocr_par' dir='ltr' id='par_1_4' title="bbox 268 987 918 1088">
     <span class='ocr_line' id='line_1_6' title="bbox 268 987 918 1088; baseline -0.009 -24"><span class='ocrx_word' id='word_1_30' title='bbox 268 992 417 1088; x_wconf 73' lang='grc' dir='ltr'>ἡμετέρας</span> <span class='ocrx_word' id='word_1_31' title='bbox 432 991 568 1083; x_wconf 80' lang='grc' dir='ltr'>μελέτας</span> <span class='ocrx_word' id='word_1_32' title='bbox 584 989 633 1061; x_wconf 82' lang='grc' dir='ltr'>διδι</span> <span class='ocrx_word' id='word_1_33' title='bbox 650 987 805 1087; x_wconf 71' lang='grc' dir='ltr'>φροντίδος</span> <span class='ocrx_word' id='word_1_34' title='bbox 822 988 918 1059; x_wconf 70' lang='grc' dir='ltr'>ἐλθεῖν</span> 
     </span>
    </p>

    <p class='ocr_par' dir='ltr' id='par_1_5' title="bbox 269 1102 1251 1203">
     <span class='ocr_line' id='line_1_7' title="bbox 269 1102 1251 1203; baseline -0.007 -25"><span class='ocrx_word' id='word_1_35' title='bbox 269 1108 441 1203; x_wconf 78' lang='grc' dir='ltr'>εάχομένων,</span> <span class='ocrx_word' id='word_1_36' title='bbox 459 1114 504 1176; x_wconf 75' lang='grc' dir='ltr'>νῦν</span> <span class='ocrx_word' id='word_1_37' title='bbox 520 1102 593 1176; x_wconf 75' lang='grc' dir='ltr'>αθτε</span> <span class='ocrx_word' id='word_1_38' title='bbox 610 1104 794 1202; x_wconf 86' lang='grc' dir='ltr'>ταρίστασο,</span> <span class='ocrx_word' id='word_1_39' title='bbox 813 1103 1030 1187; x_wconf 76' lang='grc' dir='ltr'>Καλλιόπεια,</span> <span class='ocrx_word' id='word_1_40' title='bbox 1224 1115 1251 1171; x_wconf 87' lang='grc' dir='ltr'>6ο</span> 
     </span>
    </p>

    <p class='ocr_par' dir='ltr' id='par_1_6' title="bbox 120 1218 1218 1592">
     <span class='ocr_line' id='line_1_8' title="bbox 269 1218 1038 1319; baseline -0.003 -26"><span class='ocrx_word' id='word_1_41' title='bbox 269 1219 353 1315; x_wconf 69' lang='grc' dir='ltr'>ἀμφὶ</span> <span class='ocrx_word' id='word_1_42' title='bbox 369 1230 436 1293; x_wconf 79' lang='grc' dir='ltr'>θεῶν</span> <span class='ocrx_word' id='word_1_43' title='bbox 452 1224 592 1319; x_wconf 75' lang='grc' dir='ltr'>μακάρων</span> <span class='ocrx_word' id='word_1_44' title='bbox 608 1219 717 1316; x_wconf 83' lang='grc' dir='ltr'>ἀγαθδν</span> <span class='ocrx_word' id='word_1_45' title='bbox 733 1218 822 1315; x_wconf 79' lang='grc' dir='ltr'>λόγον</span> <span class='ocrx_word' id='word_1_46' title='bbox 839 1219 1038 1313; x_wconf 71' lang='grc' dir='ltr'>ἐμφαίνοντι.</span> 
     </span>
     <span class='ocr_line' id='line_1_9' title="bbox 120 1358 1216 1464; baseline -0.005 -20"><span class='ocrx_word' id='word_1_47' title='bbox 120 1362 272 1446; x_wconf 71' lang='grc' dir='ltr'>Τούτοις</span> <span class='ocrx_word' id='word_1_48' title='bbox 285 1367 560 1441; x_wconf 79' lang='grc' dir='ltr'>κατακολουθῶν</span> <span class='ocrx_word' id='word_1_49' title='bbox 575 1362 758 1464; x_wconf 89' lang='grc' dir='ltr'>Μαρκίων,</span> <span class='ocrx_word' id='word_1_50' title='bbox 771 1358 838 1459; x_wconf 79' lang='grc' dir='ltr'>τὴν</span> <span class='ocrx_word' id='word_1_51' title='bbox 852 1360 1005 1462; x_wconf 80' lang='grc' dir='ltr'>γε’νεσιν</span> <span class='ocrx_word' id='word_1_52' title='bbox 1020 1371 1086 1440; x_wconf 81' lang='grc' dir='ltr'>τοῦ</span> <span class='ocrx_word' id='word_1_53' title='bbox 1106 1364 1216 1458; x_wconf 80' lang='grc' dir='ltr'>Σωιη·</span> 
     </span>
     <span class='ocr_line' id='line_1_10' title="bbox 120 1483 1218 1592; baseline -0.007 -18"><span class='ocrx_word' id='word_1_54' title='bbox 120 1523 183 1592; x_wconf 87' lang='grc' dir='ltr'>ρος</span> <span class='ocrx_word' id='word_1_55' title='bbox 200 1490 301 1589; x_wconf 82' lang='grc' dir='ltr'>ἡμῶν</span> <span class='ocrx_word' id='word_1_56' title='bbox 318 1486 530 1569; x_wconf 83' lang='grc' dir='ltr'>παντάπασι</span> <span class='ocrx_word' id='word_1_57' title='bbox 543 1486 792 1592; x_wconf 73' lang='grc' dir='ltr'>παρῃτήσατο,</span> <span class='ocrx_word' id='word_1_58' title='bbox 809 1486 950 1566; x_wconf 84' lang='grc' dir='ltr'>ἀτοπον</span> <span class='ocrx_word' id='word_1_59' title='bbox 970 1483 1063 1566; x_wconf 83' lang='grc' dir='ltr'>εἶναι</span> <span class='ocrx_word' id='word_1_60' title='bbox 1081 1484 1218 1588; x_wconf 85' lang='grc' dir='ltr'>νομίζων</span> 
     </span>
    </p>

    <p class='ocr_par' dir='ltr' id='par_1_7' title="bbox 27 1613 1218 1718">
     <span class='ocr_line' id='line_1_11' title="bbox 27 1613 1218 1718; baseline -0.003 -23"><span class='ocrx_word' id='word_1_61' title='bbox 27 1649 69 1714; x_wconf 91' lang='lat'>99</span> <span class='ocrx_word' id='word_1_62' title='bbox 84 1614 190 1696; x_wconf 66' lang='grc' dir='ltr'>αὐτὸ</span> <span class='ocrx_word' id='word_1_63' title='bbox 207 1614 250 1696; x_wconf 85' lang='grc' dir='ltr'>τδ</span> <span class='ocrx_word' id='word_1_64' title='bbox 273 1613 433 1716; x_wconf 92' lang='grc' dir='ltr'>πλάσμα</span> <span class='ocrx_word' id='word_1_65' title='bbox 455 1625 519 1696; x_wconf 83' lang='grc' dir='ltr'>τοῦ</span> <span class='ocrx_word' id='word_1_66' title='bbox 545 1616 707 1718; x_wconf 80' lang='grc' dir='ltr'>ὀλεθρίου</span> <span class='ocrx_word' id='word_1_67' title='bbox 732 1613 860 1694; x_wconf 80' lang='grc' dir='ltr'>τούτου</span> <span class='ocrx_word' id='word_1_68' title='bbox 888 1615 1032 1700; x_wconf 76' lang='grc' dir='ltr'>νείκους</span> <span class='ocrx_word' id='word_1_69' title='bbox 1048 1615 1218 1717; x_wconf 74' lang='grc' dir='ltr'>γεγονέναι</span> 
     </span>
    </p>

    <p class='ocr_par' dir='ltr' id='par_1_8' title="bbox 121 1737 1251 2097">
     <span class='ocr_line' id='line_1_12' title="bbox 121 1737 1251 1849; baseline -0.001 -27"><span class='ocrx_word' id='word_1_70' title='bbox 121 1741 184 1822; x_wconf 87' lang='grc' dir='ltr'>τδν</span> <span class='ocrx_word' id='word_1_71' title='bbox 206 1739 319 1842; x_wconf 88' lang='grc' dir='ltr'>λόγον</span> <span class='ocrx_word' id='word_1_72' title='bbox 342 1740 406 1823; x_wconf 83' lang='grc' dir='ltr'>τὸν</span> <span class='ocrx_word' id='word_1_73' title='bbox 429 1745 474 1847; x_wconf 76' lang='grc' dir='ltr'>τῇ</span> <span class='ocrx_word' id='word_1_74' title='bbox 496 1742 602 1849; x_wconf 81' lang='grc' dir='ltr'>φιλίᾳ</span> <span class='ocrx_word' id='word_1_75' title='bbox 626 1737 974 1841; x_wconf 77' lang='grc' dir='ltr'>συναγωνιζόμενον,</span> <span class='ocrx_word' id='word_1_76' title='bbox 996 1740 1161 1822; x_wconf 65' lang='grc' dir='ltr'>τοιπίστι</span> <span class='ocrx_word' id='word_1_77' title='bbox 1175 1741 1251 1845; x_wconf 72' lang='grc' dir='ltr'>τῴύε</span> 
     </span>
     <span class='ocr_line' id='line_1_13' title="bbox 121 1865 1220 1976; baseline -0.003 -28"><span class='ocrx_word' id='word_1_78' title='bbox 121 1872 260 1976; x_wconf 76' lang='grc' dir='ltr'>ἀγαθῷ,</span> <span class='ocrx_word' id='word_1_79' title='bbox 285 1865 385 1947; x_wconf 88' lang='grc' dir='ltr'>ἀλλά</span> <span class='ocrx_word' id='word_1_80' title='bbox 412 1871 520 1973; x_wconf 78' lang='grc' dir='ltr'>χωρὶς</span> <span class='ocrx_word' id='word_1_81' title='bbox 547 1866 716 1969; x_wconf 72' lang='grc' dir='ltr'>γενέσεως</span> <span class='ocrx_word' id='word_1_82' title='bbox 742 1865 807 1946; x_wconf 78' lang='grc' dir='ltr'>ἔτει</span> <span class='ocrx_word' id='word_1_83' title='bbox 833 1865 1141 1974; x_wconf 78' lang='grc' dir='ltr'>πεντεκαιδεκάτῳ</span> <span class='ocrx_word' id='word_1_84' title='bbox 1165 1870 1220 1964; x_wconf 77' lang='grc' dir='ltr'>της</span> 
     </span>
     <span class='ocr_line' id='line_1_14' title="bbox 122 1992 1217 2097; baseline -0.002 -24"><span class='ocrx_word' id='word_1_85' title='bbox 122 1996 309 2096; x_wconf 78' lang='grc' dir='ltr'>ἡγεμονίας</span> <span class='ocrx_word' id='word_1_86' title='bbox 323 1996 489 2097; x_wconf 81' lang='grc' dir='ltr'>Τιβερίου</span> <span class='ocrx_word' id='word_1_87' title='bbox 507 1996 693 2097; x_wconf 85' lang='grc' dir='ltr'>Καίσαρος</span> <span class='ocrx_word' id='word_1_88' title='bbox 710 1994 986 2092; x_wconf 84' lang='grc' dir='ltr'>κατεληλυθότα</span> <span class='ocrx_word' id='word_1_89' title='bbox 1005 1992 1117 2074; x_wconf 81' lang='grc' dir='ltr'>αὐτὸν</span> <span class='ocrx_word' id='word_1_90' title='bbox 1134 1993 1217 2071; x_wconf 83' lang='grc' dir='ltr'>ἀνω-</span> 
     </span>
    </p>
   </div>
   <div class='ocr_carea' id='block_1_3' title="bbox 123 2115 1219 2220">
    <p class='ocr_par' dir='ltr' id='par_1_9' title="bbox 123 2115 1219 2220">
     <span class='ocr_line' id='line_1_15' title="bbox 258 2115 1207 2151; baseline -0.005 -4"><span class='ocrx_word' id='word_1_91' title='bbox 258 2120 268 2147; x_wconf 78' lang='grc' dir='ltr'><em>Ι</em></span> <span class='ocrx_word' id='word_1_92' title='bbox 367 2121 384 2150; x_wconf 61' lang='grc' dir='ltr'><strong><em>ν</em></strong></span> <span class='ocrx_word' id='word_1_93' title='bbox 568 2129 584 2146; x_wconf 69' lang='grc' dir='ltr'><strong>Α</strong></span> <span class='ocrx_word' id='word_1_94' title='bbox 656 2124 668 2151; x_wconf 53' lang='lat' dir='ltr'>x</span> <span class='ocrx_word' id='word_1_95' title='bbox 707 2122 717 2147; x_wconf 64' lang='lat'><em>2</em></span> <span class='ocrx_word' id='word_1_96' title='bbox 816 2127 832 2144; x_wconf 71' lang='lat' dir='ltr'>n</span> <span class='ocrx_word' id='word_1_97' title='bbox 942 2115 954 2143; x_wconf 75' lang='grc' dir='ltr'><em>Ι</em></span> <span class='ocrx_word' id='word_1_98' title='bbox 1097 2122 1106 2146; x_wconf 64' lang='lat'>9</span> <span class='ocrx_word' id='word_1_99' title='bbox 1194 2122 1207 2137; x_wconf 68' lang='grc' dir='ltr'><strong>Α</strong></span> 
     </span>
     <span class='ocr_line' id='line_1_16' title="bbox 123 2121 1219 2220; baseline 0.002 -22"><span class='ocrx_word' id='word_1_100' title='bbox 123 2127 196 2217; x_wconf 92' lang='grc' dir='ltr'>θεν,</span> <span class='ocrx_word' id='word_1_101' title='bbox 220 2155 333 2220; x_wconf 87' lang='grc' dir='ltr'>μεσον</span> <span class='ocrx_word' id='word_1_102' title='bbox 361 2156 447 2201; x_wconf 80' lang='grc' dir='ltr'>οντα</span> <span class='ocrx_word' id='word_1_103' title='bbox 475 2155 585 2200; x_wconf 88' lang='grc' dir='ltr'>κακου</span> <span class='ocrx_word' id='word_1_104' title='bbox 611 2154 669 2199; x_wconf 89' lang='grc' dir='ltr'>και</span> <span class='ocrx_word' id='word_1_105' title='bbox 696 2125 847 2220; x_wconf 85' lang='grc' dir='ltr'>αγαθου,</span> <span class='ocrx_word' id='word_1_106' title='bbox 871 2121 1062 2198; x_wconf 87' lang='grc' dir='ltr'>διδασκειν</span> <span class='ocrx_word' id='word_1_107' title='bbox 1086 2154 1126 2198; x_wconf 89' lang='grc' dir='ltr'>εν</span> <span class='ocrx_word' id='word_1_108' title='bbox 1151 2151 1219 2200; x_wconf 80' lang='grc' dir='ltr'>ταις</span> 
     </span>
    </p>
   </div>
   <div class='ocr_carea' id='block_1_4' title="bbox 122 2244 1252 2481">
    <p class='ocr_par' dir='ltr' id='par_1_10' title="bbox 122 2244 1252 2481">
     <span class='ocr_line' id='line_1_17' title="bbox 122 2244 1218 2350; baseline -0.001 -25"><span class='ocrx_word' id='word_1_109' title='bbox 122 2254 364 2347; x_wconf 80' lang='grc' dir='ltr'>συναγωγαῖς.</span> <span class='ocrx_word' id='word_1_110' title='bbox 410 2253 453 2326; x_wconf 79' lang='grc' dir='ltr'>Εἰ</span> <span class='ocrx_word' id='word_1_111' title='bbox 472 2245 544 2350; x_wconf 88' lang='grc' dir='ltr'>γάρ</span> <span class='ocrx_word' id='word_1_112' title='bbox 559 2245 716 2347; x_wconf 76' lang='grc' dir='ltr'>μεσότης</span> <span class='ocrx_word' id='word_1_113' title='bbox 731 2248 840 2344; x_wconf 79' lang='grc' dir='ltr'>ἐστὶν,</span> <span class='ocrx_word' id='word_1_114' title='bbox 857 2244 1109 2345; x_wconf 71' lang='grc' dir='ltr'>ἀπήλλακται,</span> <span class='ocrx_word' id='word_1_115' title='bbox 1122 2246 1218 2350; x_wconf 80' lang='grc' dir='ltr'>φησὶ,</span> 
     </span>
     <span class='ocr_line' id='line_1_18' title="bbox 122 2369 1252 2481; baseline -0.005 -25"><span class='ocrx_word' id='word_1_116' title='bbox 122 2369 245 2469; x_wconf 81' lang='grc' dir='ltr'>πάσης</span> <span class='ocrx_word' id='word_1_117' title='bbox 275 2377 340 2470; x_wconf 81' lang='grc' dir='ltr'>τῆς</span> <span class='ocrx_word' id='word_1_118' title='bbox 367 2382 431 2452; x_wconf 84' lang='grc' dir='ltr'>τοῦ</span> <span class='ocrx_word' id='word_1_119' title='bbox 463 2383 572 2454; x_wconf 87' lang='grc' dir='ltr'>κακοῦ</span> <span class='ocrx_word' id='word_1_120' title='bbox 603 2373 758 2481; x_wconf 82' lang='grc' dir='ltr'>φύσεως.</span> <span class='ocrx_word' id='word_1_121' title='bbox 819 2371 941 2458; x_wconf 82' lang='grc' dir='ltr'>Κοκδς</span> <span class='ocrx_word' id='word_1_122' title='bbox 974 2373 1008 2451; x_wconf 82' lang='grc' dir='ltr'>δ</span> <span class='ocrx_word' id='word_1_123' title='bbox 1035 2376 1147 2470; x_wconf 77' lang='grc' dir='ltr'>ἐστὶν,</span> <span class='ocrx_word' id='word_1_124' title='bbox 1175 2375 1252 2454; x_wconf 68' lang='grc' dir='ltr'>όςῖῡ</span> 
     </span>
    </p>
   </div>
   <div class='ocr_carea' id='block_1_5' title="bbox 120 2496 1251 3743">
    <p class='ocr_par' dir='ltr' id='par_1_11' title="bbox 120 2496 1251 3743">
     <span class='ocr_line' id='line_1_19' title="bbox 121 2496 1217 2600; baseline 0.002 -26"><span class='ocrx_word' id='word_1_125' title='bbox 121 2496 230 2597; x_wconf 75' lang='grc' dir='ltr'>λε’γει,</span> <span class='ocrx_word' id='word_1_126' title='bbox 248 2496 496 2600; x_wconf 86' lang='grc' dir='ltr'>ὁδημιουργδς</span> <span class='ocrx_word' id='word_1_127' title='bbox 513 2504 571 2579; x_wconf 82' lang='grc' dir='ltr'>καὶ</span> <span class='ocrx_word' id='word_1_128' title='bbox 589 2499 717 2580; x_wconf 75' lang='grc' dir='ltr'>τούτου</span> <span class='ocrx_word' id='word_1_129' title='bbox 734 2498 780 2580; x_wconf 89' lang='grc' dir='ltr'>τά</span> <span class='ocrx_word' id='word_1_130' title='bbox 795 2498 989 2599; x_wconf 84' lang='grc' dir='ltr'>ποιήματα.</span> <span class='ocrx_word' id='word_1_131' title='bbox 1029 2497 1104 2579; x_wconf 84' lang='grc' dir='ltr'>Διά</span> <span class='ocrx_word' id='word_1_132' title='bbox 1120 2507 1217 2579; x_wconf 76' lang='grc' dir='ltr'>τουτο</span> 
     </span>
     <span class='ocr_line' id='line_1_20' title="bbox 122 2623 1217 2732; baseline 0.001 -29"><span class='ocrx_word' id='word_1_133' title='bbox 122 2623 290 2725; x_wconf 78' lang='grc' dir='ltr'>ἀγένητος</span> <span class='ocrx_word' id='word_1_134' title='bbox 327 2628 503 2722; x_wconf 81' lang='grc' dir='ltr'>κατῆλθεν</span> <span class='ocrx_word' id='word_1_135' title='bbox 538 2629 557 2704; x_wconf 87' lang='grc' dir='ltr'><strong>ὁ</strong></span> <span class='ocrx_word' id='word_1_136' title='bbox 589 2627 746 2724; x_wconf 84' lang='grc' dir='ltr'>Ἰησοῦς,</span> <span class='ocrx_word' id='word_1_137' title='bbox 780 2627 908 2731; x_wconf 80' lang='grc' dir='ltr'>φησὶν,</span> <span class='ocrx_word' id='word_1_138' title='bbox 943 2625 1005 2704; x_wconf 84' lang='grc' dir='ltr'>ἵνα</span> <span class='ocrx_word' id='word_1_139' title='bbox 1041 2624 1066 2732; x_wconf 82' lang='grc' dir='ltr'><strong><em>ᾖ</em></strong></span> <span class='ocrx_word' id='word_1_140' title='bbox 1103 2624 1217 2723; x_wconf 84' lang='grc' dir='ltr'>πάοης</span> 
     </span>
     <span class='ocr_line' id='line_1_21' title="bbox 122 2749 1217 2858; baseline 0.001 -27"><span class='ocrx_word' id='word_1_141' title='bbox 122 2751 403 2852; x_wconf 73' lang='grc' dir='ltr'>ἀπηλλαγμένος</span> <span class='ocrx_word' id='word_1_142' title='bbox 426 2754 560 2836; x_wconf 88' lang='grc' dir='ltr'>κακίας.</span> <span class='ocrx_word' id='word_1_143' title='bbox 609 2750 863 2851; x_wconf 78' lang='grc' dir='ltr'>Ἀπήλλακται</span> <span class='ocrx_word' id='word_1_144' title='bbox 880 2749 930 2849; x_wconf 70' lang='grc' dir='ltr'>δὲ,</span> <span class='ocrx_word' id='word_1_145' title='bbox 951 2756 1064 2858; x_wconf 79' lang='grc' dir='ltr'>φησὶ,</span> <span class='ocrx_word' id='word_1_146' title='bbox 1085 2755 1145 2831; x_wconf 82' lang='grc' dir='ltr'>καὶ</span> <span class='ocrx_word' id='word_1_147' title='bbox 1161 2787 1217 2850; x_wconf 86' lang='grc' dir='ltr'>της</span> 
     </span>
     <span class='ocr_line' id='line_1_22' title="bbox 121 2875 1215 2984; baseline 0.001 -26"><span class='ocrx_word' id='word_1_148' title='bbox 121 2887 185 2958; x_wconf 84' lang='grc' dir='ltr'>τοῦ</span> <span class='ocrx_word' id='word_1_149' title='bbox 213 2881 350 2978; x_wconf 82' lang='grc' dir='ltr'>ἀγαθοῦ</span> <span class='ocrx_word' id='word_1_150' title='bbox 369 2876 524 2983; x_wconf 78' lang='grc' dir='ltr'>φύσεως,</span> <span class='ocrx_word' id='word_1_151' title='bbox 546 2879 603 2957; x_wconf 79' lang='grc' dir='ltr'>ἵνα</span> <span class='ocrx_word' id='word_1_152' title='bbox 628 2876 652 2984; x_wconf 81' lang='grc' dir='ltr'><strong><em>ᾖ</em></strong></span> <span class='ocrx_word' id='word_1_153' title='bbox 676 2878 843 2978; x_wconf 77' lang='grc' dir='ltr'>μεσόιης,</span> <span class='ocrx_word' id='word_1_154' title='bbox 860 2875 909 2961; x_wconf 81' lang='grc' dir='ltr'>ὥς</span> <span class='ocrx_word' id='word_1_155' title='bbox 927 2884 1049 2983; x_wconf 92' lang='grc' dir='ltr'>φησιν</span> <span class='ocrx_word' id='word_1_156' title='bbox 1072 2883 1094 2958; x_wconf 85' lang='grc' dir='ltr'>δ</span> <span class='ocrx_word' id='word_1_157' title='bbox 1122 2885 1215 2959; x_wconf 82' lang='grc' dir='ltr'>Παϋ-</span> 
     </span>
     <span class='ocr_line' id='line_1_23' title="bbox 122 3003 1251 3106; baseline 0.006 -25"><span class='ocrx_word' id='word_1_158' title='bbox 122 3014 198 3100; x_wconf 91' lang='grc' dir='ltr'>λος,</span> <span class='ocrx_word' id='word_1_159' title='bbox 211 3007 269 3081; x_wconf 80' lang='grc' dir='ltr'>καὶ</span> <span class='ocrx_word' id='word_1_160' title='bbox 289 3007 336 3088; x_wconf 88' lang='grc' dir='ltr'>ὡς</span> <span class='ocrx_word' id='word_1_161' title='bbox 355 3004 461 3088; x_wconf 70' lang='grc' dir='ltr'>αὐτὸς</span> <span class='ocrx_word' id='word_1_162' title='bbox 480 3007 661 3104; x_wconf 85' lang='grc' dir='ltr'>ὁμολογεῖ·</span> <span class='ocrx_word' id='word_1_163' title='bbox 683 3016 705 3051; x_wconf 85' lang='grc'><strong>“</strong></span> <span class='ocrx_word' id='word_1_164' title='bbox 718 3006 768 3084; x_wconf 90' lang='grc' dir='ltr'>Τί</span> <span class='ocrx_word' id='word_1_165' title='bbox 781 3038 824 3103; x_wconf 89' lang='grc' dir='ltr'>με</span> <span class='ocrx_word' id='word_1_166' title='bbox 843 3003 964 3104; x_wconf 75' lang='grc' dir='ltr'>λε’γετε</span> <span class='ocrx_word' id='word_1_167' title='bbox 981 3007 1148 3106; x_wconf 83' lang='grc' dir='ltr'>ἀγαθόν;</span> <span class='ocrx_word' id='word_1_168' title='bbox 1176 3003 1251 3088; x_wconf 68' lang='grc' dir='ltr'>εἷςῖὸ</span> 
     </span>
     <span class='ocr_line' id='line_1_24' title="bbox 122 3129 1214 3236; baseline 0.006 -29"><span class='ocrx_word' id='word_1_169' title='bbox 122 3129 220 3208; x_wconf 77' lang='grc' dir='ltr'>ἔστιν</span> <span class='ocrx_word' id='word_1_170' title='bbox 238 3131 407 3230; x_wconf 86' lang='grc' dir='ltr'>ἀγαθός.”</span> <span class='ocrx_word' id='word_1_171' title='bbox 446 3137 571 3210; x_wconf 73' lang='grc' dir='ltr'>Ταῦτα</span> <span class='ocrx_word' id='word_1_172' title='bbox 594 3132 660 3229; x_wconf 78' lang='grc' dir='ltr'>μὲν</span> <span class='ocrx_word' id='word_1_173' title='bbox 685 3133 747 3211; x_wconf 79' lang='grc' dir='ltr'>οὖν</span> <span class='ocrx_word' id='word_1_174' title='bbox 769 3131 816 3211; x_wconf 87' lang='grc' dir='ltr'>τά</span> <span class='ocrx_word' id='word_1_175' title='bbox 835 3133 1026 3234; x_wconf 83' lang='grc' dir='ltr'>Μαρκίωνι</span> <span class='ocrx_word' id='word_1_176' title='bbox 1052 3132 1214 3236; x_wconf 79' lang='grc' dir='ltr'>δόξαντα,</span> 
     </span>
     <span class='ocr_line' id='line_1_25' title="bbox 122 3254 1217 3360; baseline 0.006 -27"><span class='ocrx_word' id='word_1_177' title='bbox 122 3257 164 3334; x_wconf 90' lang='grc' dir='ltr'>δι’</span> <span class='ocrx_word' id='word_1_178' title='bbox 194 3254 245 3335; x_wconf 76' lang='grc' dir='ltr'>ὧν</span> <span class='ocrx_word' id='word_1_179' title='bbox 274 3254 456 3356; x_wconf 88' lang='grc' dir='ltr'>ε’πλάνησε</span> <span class='ocrx_word' id='word_1_180' title='bbox 488 3255 651 3342; x_wconf 76' lang='grc' dir='ltr'>πολλοὺς</span> <span class='ocrx_word' id='word_1_181' title='bbox 682 3264 756 3342; x_wconf 85' lang='grc' dir='ltr'>τοῖς</span> <span class='ocrx_word' id='word_1_182' title='bbox 782 3258 1070 3355; x_wconf 77' lang='grc' dir='ltr'>Ἐμπεδοκλέους</span> <span class='ocrx_word' id='word_1_183' title='bbox 1100 3259 1217 3360; x_wconf 82' lang='grc' dir='ltr'>λόγως</span> 
     </span>
     <span class='ocr_line' id='line_1_26' title="bbox 121 3382 1214 3495; baseline 0.001 -32"><span class='ocrx_word' id='word_1_184' title='bbox 121 3382 359 3488; x_wconf 83' lang='grc' dir='ltr'>χρησάμενος,</span> <span class='ocrx_word' id='word_1_185' title='bbox 380 3389 438 3463; x_wconf 81' lang='grc' dir='ltr'>καὶ</span> <span class='ocrx_word' id='word_1_186' title='bbox 466 3383 532 3483; x_wconf 82' lang='grc' dir='ltr'>τὴν</span> <span class='ocrx_word' id='word_1_187' title='bbox 560 3387 616 3465; x_wconf 77' lang='grc' dir='ltr'>ὑπ’</span> <span class='ocrx_word' id='word_1_188' title='bbox 637 3387 767 3465; x_wconf 83' lang='grc' dir='ltr'>ἐκείνου</span> <span class='ocrx_word' id='word_1_189' title='bbox 793 3386 1042 3492; x_wconf 72' lang='grc' dir='ltr'>ἐφηυρημένην</span> <span class='ocrx_word' id='word_1_190' title='bbox 1064 3395 1214 3495; x_wconf 89' lang='grc' dir='ltr'>φιλοσο-</span> 
     </span>
     <span class='ocr_line' id='line_1_27' title="bbox 122 3508 1213 3616; baseline 0.001 -27"><span class='ocrx_word' id='word_1_191' title='bbox 122 3513 210 3615; x_wconf 91' lang='grc' dir='ltr'>φίαν</span> <span class='ocrx_word' id='word_1_192' title='bbox 237 3513 307 3616; x_wconf 78' lang='grc' dir='ltr'>ἶδίᾳ</span> <span class='ocrx_word' id='word_1_193' title='bbox 335 3509 424 3615; x_wconf 76' lang='grc' dir='ltr'>δόξῃ</span> <span class='ocrx_word' id='word_1_194' title='bbox 451 3508 626 3611; x_wconf 80' lang='grc' dir='ltr'>μετάγων,</span> <span class='ocrx_word' id='word_1_195' title='bbox 655 3513 792 3615; x_wconf 85' lang='grc' dir='ltr'>αἵρεσιν</span> <span class='ocrx_word' id='word_1_196' title='bbox 818 3511 922 3591; x_wconf 79' lang='grc' dir='ltr'>ἄθεον</span> <span class='ocrx_word' id='word_1_197' title='bbox 950 3515 1213 3613; x_wconf 73' lang='grc' dir='ltr'>συνεστήσατο,</span> 
     </span>
     <span class='ocr_line' id='line_1_28' title="bbox 120 3633 1247 3743; baseline 0.003 -29"><span class='ocrx_word' id='word_1_198' title='bbox 120 3635 165 3734; x_wconf 82' lang='grc' dir='ltr'>ἣν</span> <span class='ocrx_word' id='word_1_199' title='bbox 193 3642 320 3720; x_wconf 79' lang='grc' dir='ltr'>ἱκανῶς</span> <span class='ocrx_word' id='word_1_200' title='bbox 337 3633 514 3742; x_wconf 77' lang='grc' dir='ltr'>ἦλὲγχθαι</span> <span class='ocrx_word' id='word_1_201' title='bbox 538 3639 596 3743; x_wconf 86' lang='grc' dir='ltr'>ὑφ’</span> <span class='ocrx_word' id='word_1_202' title='bbox 618 3639 717 3736; x_wconf 83' lang='grc' dir='ltr'>ἡμῶν</span> <span class='ocrx_word' id='word_1_203' title='bbox 746 3636 886 3738; x_wconf 77' lang='grc' dir='ltr'>νομίζω,</span> <span class='ocrx_word' id='word_1_204' title='bbox 906 3637 1017 3736; x_wconf 72' lang='grc' dir='ltr'>μηθέν</span> <span class='ocrx_word' id='word_1_205' title='bbox 1045 3673 1083 3718; x_wconf 87' lang='grc' dir='ltr'>τε</span> <span class='ocrx_word' id='word_1_206' title='bbox 1111 3655 1247 3717; x_wconf 63' lang='grc' dir='ltr'>κατα-89</span> 
     </span>
    </p>
   </div>
   <div class='ocr_carea' id='block_1_6' title="bbox 163 3870 1183 4026">
    <p class='ocr_par' dir='ltr' id='par_1_12' title="bbox 163 3870 1183 4026">
     <span class='ocr_line' id='line_1_29' title="bbox 163 3870 1116 3944; baseline -0.001 -17"><span class='ocrx_word' id='word_1_207' title='bbox 163 3886 209 3944; x_wconf 81' lang='lat'>55.</span> <span class='ocrx_word' id='word_1_208' title='bbox 225 3871 296 3927; x_wconf 85' lang='lat' dir='ltr'>Cod.</span> <span class='ocrx_word' id='word_1_209' title='bbox 312 3875 544 3943; x_wconf 69' lang='grc' dir='ltr'>συνογονιζόμενον.</span> <span class='ocrx_word' id='word_1_210' title='bbox 731 3870 779 3942; x_wconf 85' lang='lat'>65.</span> <span class='ocrx_word' id='word_1_211' title='bbox 795 3871 866 3925; x_wconf 89' lang='lat' dir='ltr'><strong>Cod.</strong></span> <span class='ocrx_word' id='word_1_212' title='bbox 881 3872 1116 3941; x_wconf 72' lang='grc' dir='ltr'>συνογονιζδμκνον.</span> 
     </span>
     <span class='ocr_line' id='line_1_30' title="bbox 164 3949 1183 4026; baseline -0.001 -20"><span class='ocrx_word' id='word_1_213' title='bbox 164 3953 210 4024; x_wconf 85' lang='grc'>56,</span> <span class='ocrx_word' id='word_1_214' title='bbox 227 3952 297 4007; x_wconf 90' lang='lat' dir='ltr'><strong>Cod.</strong></span> <span class='ocrx_word' id='word_1_215' title='bbox 313 3953 390 4026; x_wconf 76' lang='grc' dir='ltr'>αὐτῷ.</span> <span class='ocrx_word' id='word_1_216' title='bbox 732 3951 779 4005; x_wconf 85' lang='grc'>66.</span> <span class='ocrx_word' id='word_1_217' title='bbox 796 3949 868 4006; x_wconf 87' lang='lat' dir='ltr'>Cod.</span> <span class='ocrx_word' id='word_1_218' title='bbox 883 3950 926 4019; x_wconf 73' lang='grc' dir='ltr'>ἔτη</span> <span class='ocrx_word' id='word_1_219' title='bbox 939 3950 1016 4004; x_wconf 74' lang='grc' dir='ltr'>πέντε</span> <span class='ocrx_word' id='word_1_220' title='bbox 1029 3952 1071 4005; x_wconf 72' lang='grc' dir='ltr'>καὶ</span> <span class='ocrx_word' id='word_1_221' title='bbox 1084 3952 1183 4005; x_wconf 76' lang='grc' dir='ltr'>δικάτν.</span> 
     </span>
    </p>
   </div>
   <div class='ocr_carea' id='block_1_7' title="bbox 122 4030 1206 4506">
    <p class='ocr_par' dir='ltr' id='par_1_13' title="bbox 122 4030 1206 4265">
     <span class='ocr_line' id='line_1_31' title="bbox 163 4030 1014 4105; baseline -0.002 -19"><span class='ocrx_word' id='word_1_222' title='bbox 163 4031 210 4105; x_wconf 84' lang='lat'>58.</span> <span class='ocrx_word' id='word_1_223' title='bbox 230 4032 268 4086; x_wconf 91' lang='lat' dir='ltr'>Hi</span> <span class='ocrx_word' id='word_1_224' title='bbox 289 4050 386 4087; x_wconf 82' lang='lat' dir='ltr'>versus</span> <span class='ocrx_word' id='word_1_225' title='bbox 408 4032 510 4087; x_wconf 77' lang='lat' dir='ltr'><strong>denunt</strong></span> <span class='ocrx_word' id='word_1_226' title='bbox 531 4032 559 4087; x_wconf 88' lang='lat' dir='ltr'>in</span> <span class='ocrx_word' id='word_1_227' title='bbox 582 4031 648 4088; x_wconf 82' lang='lat' dir='ltr'><strong>edit.</strong></span> <span class='ocrx_word' id='word_1_228' title='bbox 732 4035 780 4102; x_wconf 76' lang='lat'>67.</span> <span class='ocrx_word' id='word_1_229' title='bbox 796 4030 867 4088; x_wconf 91' lang='lat' dir='ltr'><strong>Cod.</strong></span> <span class='ocrx_word' id='word_1_230' title='bbox 883 4032 1014 4102; x_wconf 77' lang='grc' dir='ltr'>τηβιρίου.</span> 
     </span>
     <span class='ocr_line' id='line_1_32' title="bbox 122 4108 1206 4185; baseline -0.004 -21"><span class='ocrx_word' id='word_1_231' title='bbox 122 4110 145 4164; x_wconf 84' lang='lat' dir='ltr'><strong>F</strong></span> <span class='ocrx_word' id='word_1_232' title='bbox 146 4120 199 4167; x_wconf 84' lang='lat' dir='ltr'>ort.</span> <span class='ocrx_word' id='word_1_233' title='bbox 215 4115 236 4166; x_wconf 86' lang='grc' dir='ltr'>εί</span> <span class='ocrx_word' id='word_1_234' title='bbox 252 4115 302 4183; x_wconf 80' lang='grc' dir='ltr'>γὰρ</span> <span class='ocrx_word' id='word_1_235' title='bbox 319 4113 463 4183; x_wconf 81' lang='grc' dir='ltr'>ε’φημερίων</span> <span class='ocrx_word' id='word_1_236' title='bbox 481 4114 577 4180; x_wconf 76' lang='grc' dir='ltr'>ἔμελεν,</span> <span class='ocrx_word' id='word_1_237' title='bbox 594 4112 648 4167; x_wconf 77' lang='lat' dir='ltr'>sci·</span> <span class='ocrx_word' id='word_1_238' title='bbox 735 4125 780 4185; x_wconf 81' lang='lat'>74.</span> <span class='ocrx_word' id='word_1_239' title='bbox 795 4111 866 4167; x_wconf 85' lang='lat' dir='ltr'>Cod.</span> <span class='ocrx_word' id='word_1_240' title='bbox 881 4109 922 4166; x_wconf 76' lang='grc' dir='ltr'>ἵνα</span> <span class='ocrx_word' id='word_1_241' title='bbox 934 4110 949 4178; x_wconf 79' lang='grc' dir='ltr'><em>ἡ</em></span> <span class='ocrx_word' id='word_1_242' title='bbox 962 4135 991 4180; x_wconf 88' lang='grc' dir='ltr'>μ.</span> <span class='ocrx_word' id='word_1_243' title='bbox 1036 4110 1121 4167; x_wconf 74' lang='lat' dir='ltr'>Haud</span> <span class='ocrx_word' id='word_1_244' title='bbox 1135 4108 1206 4165; x_wconf 77' lang='lat' dir='ltr'>dubie</span> 
     </span>
     <span class='ocr_line' id='line_1_33' title="bbox 122 4189 1094 4265; baseline 0.002 -21"><span class='ocrx_word' id='word_1_245' title='bbox 122 4190 186 4248; x_wconf 89' lang='lat' dir='ltr'>licet</span> <span class='ocrx_word' id='word_1_246' title='bbox 202 4215 254 4246; x_wconf 87' lang='grc' dir='ltr'>σοι.</span> <span class='ocrx_word' id='word_1_247' title='bbox 691 4192 804 4265; x_wconf 82' lang='lat' dir='ltr'>respicit</span> <span class='ocrx_word' id='word_1_248' title='bbox 818 4192 853 4247; x_wconf 78' lang='lat' dir='ltr'>ad</span> <span class='ocrx_word' id='word_1_249' title='bbox 869 4191 974 4264; x_wconf 82' lang='lat' dir='ltr'>Ephes.</span> <span class='ocrx_word' id='word_1_250' title='bbox 992 4189 1032 4253; x_wconf 88' lang='grc' dir='ltr'>ΙΙ,</span> <span class='ocrx_word' id='word_1_251' title='bbox 1049 4209 1094 4263; x_wconf 81' lang='lat'>¹4·</span> 
     </span>
    </p>

    <p class='ocr_par' dir='ltr' id='par_1_14' title="bbox 163 4269 1060 4346">
     <span class='ocr_line' id='line_1_34' title="bbox 163 4269 1060 4346; baseline 0.002 -20"><span class='ocrx_word' id='word_1_252' title='bbox 163 4289 209 4344; x_wconf 84' lang='lat'>59.</span> <span class='ocrx_word' id='word_1_253' title='bbox 226 4271 347 4326; x_wconf 80' lang='lat' dir='ltr'>Mancus</span> <span class='ocrx_word' id='word_1_254' title='bbox 362 4277 405 4324; x_wconf 84' lang='lat' dir='ltr'>est</span> <span class='ocrx_word' id='word_1_255' title='bbox 419 4269 464 4324; x_wconf 88' lang='lat' dir='ltr'>hic</span> <span class='ocrx_word' id='word_1_256' title='bbox 480 4288 585 4327; x_wconf 81' lang='lat' dir='ltr'>versus.</span> <span class='ocrx_word' id='word_1_257' title='bbox 734 4288 748 4342; x_wconf 90' lang='lat'><strong><em>7</em></strong></span> <span class='ocrx_word' id='word_1_258' title='bbox 752 4287 780 4346; x_wconf 79' lang='lat'>5.</span> <span class='ocrx_word' id='word_1_259' title='bbox 795 4271 901 4327; x_wconf 83' lang='lat' dir='ltr'><strong>Matth.</strong></span> <span class='ocrx_word' id='word_1_260' title='bbox 916 4270 1060 4343; x_wconf 84' lang='lat' dir='ltr'>X1X‚17.</span> 
     </span>
    </p>

    <p class='ocr_par' dir='ltr' id='par_1_15' title="bbox 162 4351 987 4421">
     <span class='ocr_line' id='line_1_35' title="bbox 162 4351 987 4421; baseline 0 -15"><span class='ocrx_word' id='word_1_261' title='bbox 162 4351 210 4406; x_wconf 87' lang='lat'>61.</span> <span class='ocrx_word' id='word_1_262' title='bbox 226 4351 298 4406; x_wconf 92' lang='lat' dir='ltr'>Cod.</span> <span class='ocrx_word' id='word_1_263' title='bbox 313 4351 446 4421; x_wconf 86' lang='grc' dir='ltr'>μακαρίων.</span> <span class='ocrx_word' id='word_1_264' title='bbox 732 4352 768 4407; x_wconf 87' lang='lat' dir='ltr'>ib.</span> <span class='ocrx_word' id='word_1_265' title='bbox 784 4352 856 4408; x_wconf 88' lang='lat' dir='ltr'><strong>Cod.</strong></span> <span class='ocrx_word' id='word_1_266' title='bbox 872 4352 894 4406; x_wconf 72' lang='grc' dir='ltr'>εὶ</span> <span class='ocrx_word' id='word_1_267' title='bbox 907 4353 987 4406; x_wconf 70' lang='grc' dir='ltr'>ἔστιν.</span> 
     </span>
    </p>

    <p class='ocr_par' dir='ltr' id='par_1_16' title="bbox 162 4431 1004 4506">
     <span class='ocr_line' id='line_1_36' title="bbox 162 4431 1004 4506; baseline 0.004 -21"><span class='ocrx_word' id='word_1_268' title='bbox 162 4432 209 4502; x_wconf 79' lang='lat'>64.</span> <span class='ocrx_word' id='word_1_269' title='bbox 227 4431 295 4487; x_wconf 84' lang='lat' dir='ltr'>cod.</span> <span class='ocrx_word' id='word_1_270' title='bbox 311 4435 342 4485; x_wconf 86' lang='grc' dir='ltr'>τὰ</span> <span class='ocrx_word' id='word_1_271' title='bbox 356 4436 401 4486; x_wconf 86' lang='grc' dir='ltr'>τοῦ</span> <span class='ocrx_word' id='word_1_272' title='bbox 415 4450 466 4504; x_wconf 85' lang='lat' dir='ltr'>pro</span> <span class='ocrx_word' id='word_1_273' title='bbox 481 4431 581 4486; x_wconf 81' lang='grc' dir='ltr'>τούτου.</span> <span class='ocrx_word' id='word_1_274' title='bbox 733 4434 780 4488; x_wconf 84' lang='lat'>80.</span> <span class='ocrx_word' id='word_1_275' title='bbox 796 4433 868 4489; x_wconf 88' lang='lat' dir='ltr'>Cod.</span> <span class='ocrx_word' id='word_1_276' title='bbox 885 4436 1004 4506; x_wconf 76' lang='grc' dir='ltr'>ἤλεγχεν.</span> 
     </span>
    </p>
   </div>
   <div class='ocr_carea' id='block_1_8' title="bbox 0 0 1399 4972">
    <p class='ocr_par' dir='ltr' id='par_1_17' title="bbox 0 0 1399 4972">
     <span class='ocr_line' id='line_1_37' title="bbox 0 0 1399 4972; baseline 0 0"><span class='ocrx_word' id='word_1_277' title='bbox 0 0 1399 4972; x_wconf 95' lang='lat' dir='ltr'> </span> 
     </span>
    </p>
   </div>
  </div>
 </body>
</html>
