<?xml version="1.0" encoding="UTF-8"?>
<!DOCTYPE html PUBLIC "-//W3C//DTD XHTML 1.0 Transitional//EN"
    "http://www.w3.org/TR/xhtml1/DTD/xhtml1-transitional.dtd">
<html xmlns="http://www.w3.org/1999/xhtml" xml:lang="en" lang="en">
 <head>
  <title>
</title>
<meta http-equiv="Content-Type" content="text/html;charset=utf-8" />
  <meta name='ocr-system' content='tesseract 3.04.00' />
  <meta name='ocr-capabilities' content='ocr_page ocr_carea ocr_par ocr_line ocrx_word'/>
</head>
<body>
  <div class='ocr_page' id='page_1' title='image "./origenisphiloso00origgoog_0129.png"; bbox 0 0 2782 4972; ppageno 0'>
   <div class='ocr_carea' id='block_1_1' title="bbox 337 288 992 357">
    <p class='ocr_par' dir='ltr' id='par_1_1' title="bbox 337 288 992 357">
     <span class='ocr_line' id='line_1_1' title="bbox 337 288 992 357; baseline -0.005 -2"><span class='ocrx_word' id='word_1_1' title='bbox 337 294 400 357; x_wconf 86' lang='lat'>110</span> <span class='ocrx_word' id='word_1_2' title='bbox 776 288 992 354; x_wconf 85' lang='lat' dir='ltr'><strong>ORIGENIS</strong></span> 
     </span>
    </p>
   </div>
   <div class='ocr_carea' id='block_1_2' title="bbox 245 451 1391 3960">
    <p class='ocr_par' dir='ltr' id='par_1_2' title="bbox 245 451 1391 3960">
     <span class='ocr_line' id='line_1_2' title="bbox 337 451 1366 564; baseline -0.005 -28"><span class='ocrx_word' id='word_1_3' title='bbox 337 464 442 537; x_wconf 80' lang='grc' dir='ltr'>οἰκῶν</span> <span class='ocrx_word' id='word_1_4' title='bbox 467 453 545 538; x_wconf 84' lang='grc' dir='ltr'>θεὸς</span> <span class='ocrx_word' id='word_1_5' title='bbox 563 452 653 532; x_wconf 81' lang='grc' dir='ltr'>κατὰ</span> <span class='ocrx_word' id='word_1_6' title='bbox 678 452 720 532; x_wconf 83' lang='grc' dir='ltr'>τὸ</span> <span class='ocrx_word' id='word_1_7' title='bbox 739 453 956 558; x_wconf 79' lang='grc' dir='ltr'>ψαλτήριον,</span> <span class='ocrx_word' id='word_1_8' title='bbox 979 455 1037 530; x_wconf 84' lang='grc' dir='ltr'>καὶ</span> <span class='ocrx_word' id='word_1_9' title='bbox 1063 451 1323 556; x_wconf 78' lang='grc' dir='ltr'>φθεγγόμενος</span> <span class='ocrx_word' id='word_1_10' title='bbox 1344 452 1366 564; x_wconf 91' lang='grc'>[</span> 
     </span>
     <span class='ocr_line' id='line_1_3' title="bbox 338 574 1390 686; baseline -0.003 -24"><span class='ocrx_word' id='word_1_11' title='bbox 338 580 517 686; x_wconf 78' lang='grc' dir='ltr'>κεκραγὼς</span> <span class='ocrx_word' id='word_1_12' title='bbox 546 578 617 659; x_wconf 82' lang='grc' dir='ltr'>ἀπὸ</span> <span class='ocrx_word' id='word_1_13' title='bbox 647 575 784 657; x_wconf 76' lang='grc' dir='ltr'>ὑδάτων</span> <span class='ocrx_word' id='word_1_14' title='bbox 810 584 974 657; x_wconf 77' lang='grc' dir='ltr'>πολλῶν.</span> <span class='ocrx_word' id='word_1_15' title='bbox 1028 574 1188 675; x_wconf 80' lang='grc' dir='ltr'>Ὕδατα,</span> <span class='ocrx_word' id='word_1_16' title='bbox 1211 585 1349 682; x_wconf 71' lang='grc' dir='ltr'>φησὶν,</span> <span class='ocrx_word' id='word_1_17' title='bbox 1381 583 1390 605; x_wconf 83' lang='grc'>’</span> 
     </span>
     <span class='ocr_line' id='line_1_4' title="bbox 337 701 1391 809; baseline -0.013 -21"><span class='ocrx_word' id='word_1_18' title='bbox 337 707 476 803; x_wconf 82' lang='grc' dir='ltr'>πολλὰ,</span> <span class='ocrx_word' id='word_1_19' title='bbox 497 707 519 805; x_wconf 83' lang='grc' dir='ltr'><em>ἡ</em></span> <span class='ocrx_word' id='word_1_20' title='bbox 546 701 773 809; x_wconf 75' lang='grc' dir='ltr'>πολυσχιδὴς</span> <span class='ocrx_word' id='word_1_21' title='bbox 795 710 868 782; x_wconf 89' lang='grc' dir='ltr'>τῶν</span> <span class='ocrx_word' id='word_1_22' title='bbox 894 708 1034 801; x_wconf 81' lang='grc' dir='ltr'>θιογτῶν</span> <span class='ocrx_word' id='word_1_23' title='bbox 1061 702 1205 804; x_wconf 78' lang='grc' dir='ltr'>γένεσις</span> <span class='ocrx_word' id='word_1_24' title='bbox 1228 706 1391 808; x_wconf 50' lang='lat' dir='ltr'>drop&amp;</span> 
     </span>
     <span class='ocr_line' id='line_1_5' title="bbox 338 826 1371 941; baseline -0.009 -30"><span class='ocrx_word' id='word_1_25' title='bbox 338 838 400 941; x_wconf 82' lang='grc' dir='ltr'>ἀφ’</span> <span class='ocrx_word' id='word_1_26' title='bbox 434 834 476 933; x_wconf 80' lang='grc' dir='ltr'>ἦς</span> <span class='ocrx_word' id='word_1_27' title='bbox 512 837 584 937; x_wconf 78' lang='grc' dir='ltr'>βοᾷ</span> <span class='ocrx_word' id='word_1_28' title='bbox 618 836 676 910; x_wconf 80' lang='grc' dir='ltr'>καὶ</span> <span class='ocrx_word' id='word_1_29' title='bbox 713 830 862 933; x_wconf 77' lang='grc' dir='ltr'>κέκραγε</span> <span class='ocrx_word' id='word_1_30' title='bbox 898 828 988 931; x_wconf 78' lang='grc' dir='ltr'>πρὸς</span> <span class='ocrx_word' id='word_1_31' title='bbox 1024 826 1088 908; x_wconf 84' lang='grc' dir='ltr'>τόν</span> <span class='ocrx_word' id='word_1_32' title='bbox 1124 830 1371 934; x_wconf 73' lang='grc' dir='ltr'>ἀχαρωσή</span> 
     </span>
     <span class='ocr_line' id='line_1_6' title="bbox 337 953 1356 1064; baseline -0.013 -22"><span class='ocrx_word' id='word_1_33' title='bbox 337 963 540 1064; x_wconf 77' lang='grc' dir='ltr'>ἄνθρωπον,</span> <span class='ocrx_word' id='word_1_34' title='bbox 568 970 594 1006; x_wconf 86' lang='grc'><strong>“</strong></span> <span class='ocrx_word' id='word_1_35' title='bbox 606 963 714 1062; x_wconf 84' lang='grc' dir='ltr'>ῥῦσαι</span> <span class='ocrx_word' id='word_1_36' title='bbox 741 955 859 1056; x_wconf 80' lang='grc' dir='ltr'>λέγων</span> <span class='ocrx_word' id='word_1_37' title='bbox 886 953 958 1035; x_wconf 82' lang='grc' dir='ltr'>ἀπό</span> <span class='ocrx_word' id='word_1_38' title='bbox 984 953 1140 1034; x_wconf 85' lang='grc' dir='ltr'>λεόντων</span> <span class='ocrx_word' id='word_1_39' title='bbox 1169 954 1239 1054; x_wconf 80' lang='grc' dir='ltr'>τὴν</span> <span class='ocrx_word' id='word_1_40' title='bbox 1268 992 1322 1055; x_wconf 91' lang='grc' dir='ltr'>μο</span> <span class='ocrx_word' id='word_1_41' title='bbox 1350 1002 1356 1029; x_wconf 64' lang='grc' dir='ltr'>ι</span> 
     </span>
     <span class='ocr_line' id='line_1_7' title="bbox 337 1078 1361 1188; baseline -0.006 -21"><span class='ocrx_word' id='word_1_42' title='bbox 337 1086 442 1185; x_wconf 89' lang='grc' dir='ltr'>μου.”</span> <span class='ocrx_word' id='word_1_43' title='bbox 482 1083 583 1188; x_wconf 78' lang='grc' dir='ltr'>Πρός</span> <span class='ocrx_word' id='word_1_44' title='bbox 600 1093 738 1179; x_wconf 86' lang='grc' dir='ltr'>τοῦτον,</span> <span class='ocrx_word' id='word_1_45' title='bbox 753 1085 879 1186; x_wconf 77' lang='grc' dir='ltr'>φησὶν,</span> <span class='ocrx_word' id='word_1_46' title='bbox 892 1084 991 1161; x_wconf 77' lang='grc' dir='ltr'>ἐστὶν</span> <span class='ocrx_word' id='word_1_47' title='bbox 1009 1078 1204 1183; x_wconf 67' lang='grc' dir='ltr'>εἰρημενον,</span> <span class='ocrx_word' id='word_1_48' title='bbox 1219 1092 1248 1129; x_wconf 87' lang='grc'><strong>“</strong></span> <span class='ocrx_word' id='word_1_49' title='bbox 1263 1088 1361 1168; x_wconf 75' lang='grc' dir='ltr'>Παῖς</span> 
     </span>
     <span class='ocr_line' id='line_1_8' title="bbox 338 1206 1382 1314; baseline -0.006 -22"><span class='ocrx_word' id='word_1_50' title='bbox 338 1211 370 1292; x_wconf 86' lang='grc' dir='ltr'>εἶ</span> <span class='ocrx_word' id='word_1_51' title='bbox 392 1212 442 1293; x_wconf 79' lang='grc' dir='ltr'>σύ</span> <span class='ocrx_word' id='word_1_52' title='bbox 460 1208 627 1314; x_wconf 85' lang='grc' dir='ltr'>Ἰσραὴλ,</span> <span class='ocrx_word' id='word_1_53' title='bbox 647 1206 698 1308; x_wconf 85' lang='grc' dir='ltr'>μὴ</span> <span class='ocrx_word' id='word_1_54' title='bbox 718 1216 850 1313; x_wconf 83' lang='grc' dir='ltr'>φοβοῦ,</span> <span class='ocrx_word' id='word_1_55' title='bbox 870 1206 932 1286; x_wconf 77' lang='grc' dir='ltr'>ε’δν</span> <span class='ocrx_word' id='word_1_56' title='bbox 950 1206 1008 1286; x_wconf 78' lang='grc' dir='ltr'>διὰ</span> <span class='ocrx_word' id='word_1_57' title='bbox 1025 1212 1202 1304; x_wconf 81' lang='grc' dir='ltr'>ποταμῶν</span> <span class='ocrx_word' id='word_1_58' title='bbox 1225 1208 1382 1314; x_wconf 70' lang='grc' dir='ltr'>διέλθῃς,</span> 
     </span>
     <span class='ocr_line' id='line_1_9' title="bbox 338 1331 1381 1440; baseline -0.003 -21"><span class='ocrx_word' id='word_1_59' title='bbox 338 1340 389 1440; x_wconf 88' lang='grc' dir='ltr'>μή</span> <span class='ocrx_word' id='word_1_60' title='bbox 407 1374 451 1419; x_wconf 85' lang='grc' dir='ltr'>σε</span> <span class='ocrx_word' id='word_1_61' title='bbox 476 1336 754 1437; x_wconf 89' lang='grc' dir='ltr'>συγκλύσωσιν,</span> <span class='ocrx_word' id='word_1_62' title='bbox 774 1334 835 1414; x_wconf 81' lang='grc' dir='ltr'>ἐὰν</span> <span class='ocrx_word' id='word_1_63' title='bbox 861 1335 918 1413; x_wconf 78' lang='grc' dir='ltr'>διὰ</span> <span class='ocrx_word' id='word_1_64' title='bbox 942 1331 1055 1436; x_wconf 79' lang='grc' dir='ltr'>πυρδς</span> <span class='ocrx_word' id='word_1_65' title='bbox 1080 1332 1238 1438; x_wconf 74' lang='grc' dir='ltr'>διέλθῃς,</span> <span class='ocrx_word' id='word_1_66' title='bbox 1262 1338 1308 1416; x_wconf 86' lang='grc' dir='ltr'>ού</span> <span class='ocrx_word' id='word_1_67' title='bbox 1331 1337 1381 1436; x_wconf 88' lang='grc' dir='ltr'>μή</span> 
     </span>
     <span class='ocr_line' id='line_1_10' title="bbox 339 1457 1350 1567; baseline -0.003 -25"><span class='ocrx_word' id='word_1_68' title='bbox 339 1463 574 1565; x_wconf 87' lang='grc' dir='ltr'>συγκαύσει.”</span> <span class='ocrx_word' id='word_1_69' title='bbox 625 1459 830 1560; x_wconf 73' lang='grc' dir='ltr'>Ποταμοὺς,</span> <span class='ocrx_word' id='word_1_70' title='bbox 861 1464 967 1567; x_wconf 79' lang='grc' dir='ltr'>φησὶ,</span> <span class='ocrx_word' id='word_1_71' title='bbox 999 1460 1095 1560; x_wconf 87' lang='grc' dir='ltr'>λέγει</span> <span class='ocrx_word' id='word_1_72' title='bbox 1127 1457 1197 1558; x_wconf 77' lang='grc' dir='ltr'>τήν</span> <span class='ocrx_word' id='word_1_73' title='bbox 1230 1462 1350 1565; x_wconf 77' lang='grc' dir='ltr'>ὑγρὰν</span> 
     </span>
     <span class='ocr_line' id='line_1_11' title="bbox 338 1583 1374 1692; baseline 0.001 -24"><span class='ocrx_word' id='word_1_74' title='bbox 338 1589 507 1691; x_wconf 77' lang='grc' dir='ltr'>γενέσεως</span> <span class='ocrx_word' id='word_1_75' title='bbox 539 1589 680 1683; x_wconf 81' lang='grc' dir='ltr'>οὐσίαν,</span> <span class='ocrx_word' id='word_1_76' title='bbox 708 1596 782 1689; x_wconf 84' lang='grc' dir='ltr'>πῦρ</span> <span class='ocrx_word' id='word_1_77' title='bbox 811 1586 848 1665; x_wconf 80' lang='grc' dir='ltr'>δέ</span> <span class='ocrx_word' id='word_1_78' title='bbox 880 1585 946 1685; x_wconf 86' lang='grc' dir='ltr'>τὴν</span> <span class='ocrx_word' id='word_1_79' title='bbox 976 1589 1032 1666; x_wconf 86' lang='grc' dir='ltr'>ε’πὶ</span> <span class='ocrx_word' id='word_1_80' title='bbox 1058 1583 1125 1683; x_wconf 87' lang='grc' dir='ltr'>τὴν</span> <span class='ocrx_word' id='word_1_81' title='bbox 1153 1586 1303 1686; x_wconf 82' lang='grc' dir='ltr'>γένεσιν</span> <span class='ocrx_word' id='word_1_82' title='bbox 1331 1592 1374 1692; x_wconf 87' lang='grc' dir='ltr'>ὁρ</span> 
     </span>
     <span class='ocr_line' id='line_1_12' title="bbox 338 1710 1372 1816; baseline 0 -23"><span class='ocrx_word' id='word_1_83' title='bbox 338 1717 396 1793; x_wconf 80' lang='grc' dir='ltr'>καὶ</span> <span class='ocrx_word' id='word_1_84' title='bbox 428 1713 622 1811; x_wconf 82' lang='grc' dir='ltr'>ἐπιθυμίαν.</span> <span class='ocrx_word' id='word_1_85' title='bbox 682 1710 735 1791; x_wconf 77' lang='grc' dir='ltr'>Σύ</span> <span class='ocrx_word' id='word_1_86' title='bbox 764 1711 847 1811; x_wconf 75' lang='grc' dir='ltr'>ε’μδτ</span> <span class='ocrx_word' id='word_1_87' title='bbox 877 1710 919 1809; x_wconf 81' lang='grc' dir='ltr'>εἷ,</span> <span class='ocrx_word' id='word_1_88' title='bbox 948 1710 998 1810; x_wconf 86' lang='grc' dir='ltr'>μὴ</span> <span class='ocrx_word' id='word_1_89' title='bbox 1026 1719 1158 1816; x_wconf 86' lang='grc' dir='ltr'>φοβοῦ.</span> <span class='ocrx_word' id='word_1_90' title='bbox 1223 1718 1301 1794; x_wconf 81' lang='grc' dir='ltr'>Καὶ</span> <span class='ocrx_word' id='word_1_91' title='bbox 1366 1761 1372 1785; x_wconf 69' lang='grc' dir='ltr'>ι</span> 
     </span>
     <span class='ocr_line' id='line_1_13' title="bbox 338 1837 1363 1949; baseline -0.005 -28"><span class='ocrx_word' id='word_1_92' title='bbox 338 1844 466 1949; x_wconf 78' lang='grc' dir='ltr'>φησὶν,</span> <span class='ocrx_word' id='word_1_93' title='bbox 489 1854 517 1889; x_wconf 86' lang='grc'><strong>“</strong></span> <span class='ocrx_word' id='word_1_94' title='bbox 532 1846 576 1920; x_wconf 78' lang='grc' dir='ltr'>Εἰ</span> <span class='ocrx_word' id='word_1_95' title='bbox 603 1839 811 1938; x_wconf 75' lang='grc' dir='ltr'>ἐπιλήσεται</span> <span class='ocrx_word' id='word_1_96' title='bbox 839 1838 958 1941; x_wconf 81' lang='grc' dir='ltr'>μήτηρ</span> <span class='ocrx_word' id='word_1_97' title='bbox 986 1845 1059 1917; x_wconf 89' lang='grc' dir='ltr'>τῶν</span> <span class='ocrx_word' id='word_1_98' title='bbox 1085 1837 1220 1917; x_wconf 86' lang='grc' dir='ltr'>τέκνων</span> <span class='ocrx_word' id='word_1_99' title='bbox 1250 1844 1363 1940; x_wconf 73' lang='grc' dir='ltr'>αὐτῆς</span> 
     </span>
     <span class='ocr_line' id='line_1_14' title="bbox 338 1960 1389 2065; baseline -0.002 -19"><span class='ocrx_word' id='word_1_100' title='bbox 338 1970 485 2065; x_wconf 80' lang='grc' dir='ltr'>ἐλεῆσαι</span> <span class='ocrx_word' id='word_1_101' title='bbox 496 1964 585 2064; x_wconf 75' lang='grc' dir='ltr'>μηδὲ</span> <span class='ocrx_word' id='word_1_102' title='bbox 600 1966 778 2043; x_wconf 66' lang='grc' dir='ltr'>ἐπιδοῦναι</span> <span class='ocrx_word' id='word_1_103' title='bbox 793 1960 946 2061; x_wconf 88' lang='grc' dir='ltr'>μαστόν,</span> <span class='ocrx_word' id='word_1_104' title='bbox 960 1961 1060 2062; x_wconf 81' lang='grc' dir='ltr'>κάγὼ</span> <span class='ocrx_word' id='word_1_105' title='bbox 1073 1961 1298 2063; x_wconf 73' lang='grc' dir='ltr'>ἐπιλήσομαι</span> <span class='ocrx_word' id='word_1_106' title='bbox 1313 1968 1389 2064; x_wconf 83' lang='grc' dir='ltr'>ὑμῶ</span> 
     </span>
     <span class='ocr_line' id='line_1_15' title="bbox 337 2086 1386 2197; baseline -0.003 -23"><span class='ocrx_word' id='word_1_107' title='bbox 337 2096 386 2174; x_wconf 84' lang='lat'>‘0</span> <span class='ocrx_word' id='word_1_108' title='bbox 409 2091 585 2191; x_wconf 77' lang='grc' dir='ltr'>Ἀδάμας,</span> <span class='ocrx_word' id='word_1_109' title='bbox 605 2094 713 2197; x_wconf 79' lang='grc' dir='ltr'>φησὶ,</span> <span class='ocrx_word' id='word_1_110' title='bbox 734 2089 829 2189; x_wconf 79' lang='grc' dir='ltr'>λέγει</span> <span class='ocrx_word' id='word_1_111' title='bbox 854 2086 944 2192; x_wconf 78' lang='grc' dir='ltr'>πρὸς</span> <span class='ocrx_word' id='word_1_112' title='bbox 968 2087 1050 2173; x_wconf 76' lang='grc' dir='ltr'>τοὺς</span> <span class='ocrx_word' id='word_1_113' title='bbox 1077 2090 1185 2173; x_wconf 71' lang='grc' dir='ltr'>ἰδίους</span> <span class='ocrx_word' id='word_1_114' title='bbox 1214 2092 1386 2193; x_wconf 83' lang='grc' dir='ltr'>ἀνθριόπο</span> 
     </span>
     <span class='ocr_line' id='line_1_16' title="bbox 339 2213 1350 2317; baseline -0.001 -18"><span class='ocrx_word' id='word_1_115' title='bbox 339 2233 361 2269; x_wconf 85' lang='grc'><strong>“</strong></span> <span class='ocrx_word' id='word_1_116' title='bbox 373 2218 498 2299; x_wconf 84' lang='grc' dir='ltr'>Ἀλλὰ</span> <span class='ocrx_word' id='word_1_117' title='bbox 511 2223 538 2295; x_wconf 79' lang='grc' dir='ltr'>εἰ</span> <span class='ocrx_word' id='word_1_118' title='bbox 553 2219 611 2296; x_wconf 79' lang='grc' dir='ltr'>καὶ</span> <span class='ocrx_word' id='word_1_119' title='bbox 629 2215 836 2314; x_wconf 78' lang='grc' dir='ltr'>ἐπιλήσεται</span> <span class='ocrx_word' id='word_1_120' title='bbox 850 2224 962 2296; x_wconf 72' lang='grc' dir='ltr'>ταῦτα</span> <span class='ocrx_word' id='word_1_121' title='bbox 975 2213 1075 2314; x_wconf 83' lang='grc' dir='ltr'>γυνὴ,</span> <span class='ocrx_word' id='word_1_122' title='bbox 1089 2216 1174 2294; x_wconf 77' lang='grc' dir='ltr'>ἀλλ’</span> <span class='ocrx_word' id='word_1_123' title='bbox 1188 2216 1264 2317; x_wconf 80' lang='grc' dir='ltr'>ε’γῶ</span> <span class='ocrx_word' id='word_1_124' title='bbox 1283 2221 1350 2298; x_wconf 82' lang='grc' dir='ltr'>οὐκ</span> 
     </span>
     <span class='ocr_line' id='line_1_17' title="bbox 339 2340 1388 2448; baseline 0.002 -26"><span class='ocrx_word' id='word_1_125' title='bbox 339 2344 500 2443; x_wconf 88' lang='grc' dir='ltr'>λήσομαι</span> <span class='ocrx_word' id='word_1_126' title='bbox 515 2347 625 2441; x_wconf 87' lang='grc' dir='ltr'>ὑμῶν.</span> <span class='ocrx_word' id='word_1_127' title='bbox 654 2342 740 2422; x_wconf 73' lang='grc' dir='ltr'>’Ἐπὶ</span> <span class='ocrx_word' id='word_1_128' title='bbox 753 2349 825 2421; x_wconf 93' lang='grc' dir='ltr'>τῶν</span> <span class='ocrx_word' id='word_1_129' title='bbox 839 2347 966 2446; x_wconf 87' lang='grc' dir='ltr'>χειρῶν</span> <span class='ocrx_word' id='word_1_130' title='bbox 978 2376 1048 2440; x_wconf 91' lang='grc' dir='ltr'>μου</span> <span class='ocrx_word' id='word_1_131' title='bbox 1060 2340 1305 2448; x_wconf 76' lang='grc' dir='ltr'>ἐζωγρᾶφήκα</span> <span class='ocrx_word' id='word_1_132' title='bbox 1319 2349 1388 2445; x_wconf 80' lang='grc' dir='ltr'>ύμᾶ</span> 
     </span>
     <span class='ocr_line' id='line_1_18' title="bbox 342 2465 1389 2571; baseline -0.009 -22"><span class='ocrx_word' id='word_1_133' title='bbox 342 2471 431 2571; x_wconf 81' lang='grc' dir='ltr'>Περὶ</span> <span class='ocrx_word' id='word_1_134' title='bbox 455 2466 493 2546; x_wconf 83' lang='grc' dir='ltr'>δέ</span> <span class='ocrx_word' id='word_1_135' title='bbox 517 2472 581 2565; x_wconf 75' lang='grc' dir='ltr'>τῆς</span> <span class='ocrx_word' id='word_1_136' title='bbox 599 2467 727 2548; x_wconf 81' lang='grc' dir='ltr'>ἀνόδου</span> <span class='ocrx_word' id='word_1_137' title='bbox 751 2470 872 2564; x_wconf 80' lang='grc' dir='ltr'>αὐτοῦ,</span> <span class='ocrx_word' id='word_1_138' title='bbox 892 2465 1054 2547; x_wconf 88' lang='grc' dir='ltr'>τουτέστι</span> <span class='ocrx_word' id='word_1_139' title='bbox 1071 2471 1136 2566; x_wconf 70' lang='grc' dir='ltr'>τῆς</span> <span class='ocrx_word' id='word_1_140' title='bbox 1153 2470 1289 2570; x_wconf 80' lang='grc' dir='ltr'>ἅναγεν</span> <span class='ocrx_word' id='word_1_141' title='bbox 1323 2470 1350 2544; x_wconf 64' lang='grc' dir='ltr'>ἰ</span> <span class='ocrx_word' id='word_1_142' title='bbox 1384 2521 1389 2540; x_wconf 57' lang='grc' dir='ltr'>τ</span> 
     </span>
     <span class='ocr_line' id='line_1_19' title="bbox 339 2591 1380 2703; baseline 0.003 -29"><span class='ocrx_word' id='word_1_143' title='bbox 339 2596 397 2674; x_wconf 81' lang='grc' dir='ltr'>ἵνα</span> <span class='ocrx_word' id='word_1_144' title='bbox 423 2594 566 2695; x_wconf 76' lang='grc' dir='ltr'>γέισγται</span> <span class='ocrx_word' id='word_1_145' title='bbox 595 2592 829 2694; x_wconf 79' lang='grc' dir='ltr'>πνευματικός</span> <span class='ocrx_word' id='word_1_146' title='bbox 854 2596 895 2673; x_wconf 83' lang='grc' dir='ltr'>οὐ</span> <span class='ocrx_word' id='word_1_147' title='bbox 922 2591 1104 2696; x_wconf 78' lang='grc' dir='ltr'>σαρκικδς,</span> <span class='ocrx_word' id='word_1_148' title='bbox 1129 2593 1241 2694; x_wconf 86' lang='grc' dir='ltr'>λέγει,</span> <span class='ocrx_word' id='word_1_149' title='bbox 1264 2602 1380 2703; x_wconf 79' lang='grc' dir='ltr'>φησὶν</span> 
     </span>
     <span class='ocr_line' id='line_1_20' title="bbox 341 2717 1376 2829; baseline -0.007 -27"><span class='ocrx_word' id='word_1_150' title='bbox 341 2719 486 2829; x_wconf 84' lang='grc' dir='ltr'>Γραφὴ,</span> <span class='ocrx_word' id='word_1_151' title='bbox 502 2717 662 2823; x_wconf 64' lang='grc' dir='ltr'>“”Αρατε</span> <span class='ocrx_word' id='word_1_152' title='bbox 680 2719 799 2805; x_wconf 81' lang='grc' dir='ltr'>πύλας</span> <span class='ocrx_word' id='word_1_153' title='bbox 818 2725 850 2798; x_wconf 78' lang='grc' dir='ltr'>οι</span> <span class='ocrx_word' id='word_1_154' title='bbox 868 2719 1037 2824; x_wconf 79' lang='grc' dir='ltr'>ἄρχοντες</span> <span class='ocrx_word' id='word_1_155' title='bbox 1056 2722 1167 2817; x_wconf 84' lang='grc' dir='ltr'>ὑμῶν,</span> <span class='ocrx_word' id='word_1_156' title='bbox 1188 2725 1250 2799; x_wconf 78' lang='grc' dir='ltr'>καὶ</span> <span class='ocrx_word' id='word_1_157' title='bbox 1318 2722 1376 2793; x_wconf 57' lang='lat' dir='ltr'>fo:</span> 
     </span>
     <span class='ocr_line' id='line_1_21' title="bbox 338 2842 1386 2944; baseline -0.01 -15"><span class='ocrx_word' id='word_1_158' title='bbox 338 2850 453 2929; x_wconf 80' lang='grc' dir='ltr'>πύλαι</span> <span class='ocrx_word' id='word_1_159' title='bbox 476 2847 608 2926; x_wconf 78' lang='grc' dir='ltr'>αἱῶνιοι</span> <span class='ocrx_word' id='word_1_160' title='bbox 633 2851 691 2924; x_wconf 81' lang='grc' dir='ltr'>καὶ</span> <span class='ocrx_word' id='word_1_161' title='bbox 718 2846 957 2926; x_wconf 78' lang='grc' dir='ltr'>εἰσελεύσεται</span> <span class='ocrx_word' id='word_1_162' title='bbox 974 2848 995 2924; x_wconf 86' lang='grc' dir='ltr'>ό</span> <span class='ocrx_word' id='word_1_163' title='bbox 1012 2842 1187 2938; x_wconf 74' lang='grc' dir='ltr'>βασιλεὺς</span> <span class='ocrx_word' id='word_1_164' title='bbox 1203 2850 1270 2944; x_wconf 81' lang='grc' dir='ltr'>τῆς</span> <span class='ocrx_word' id='word_1_165' title='bbox 1302 2892 1331 2919; x_wconf 64' lang='grc' dir='ltr'>ι</span> <span class='ocrx_word' id='word_1_166' title='bbox 1385 2903 1386 2906; x_wconf 20' lang='lat'>¹</span> 
     </span>
     <span class='ocr_line' id='line_1_22' title="bbox 339 2969 1358 3077; baseline 0.002 -24"><span class='ocrx_word' id='word_1_167' title='bbox 339 2973 512 3071; x_wconf 87' lang='grc' dir='ltr'>τουτέστι,</span> <span class='ocrx_word' id='word_1_168' title='bbox 533 2980 653 3072; x_wconf 83' lang='grc' dir='ltr'>θαῦμα</span> <span class='ocrx_word' id='word_1_169' title='bbox 670 2970 872 3071; x_wconf 77' lang='grc' dir='ltr'>θαυμάτων.</span> <span class='ocrx_word' id='word_1_170' title='bbox 904 2971 971 3055; x_wconf 70' lang='grc' dir='ltr'>Τίς</span> <span class='ocrx_word' id='word_1_171' title='bbox 987 2969 1068 3072; x_wconf 80' lang='grc' dir='ltr'>γὰρ,</span> <span class='ocrx_word' id='word_1_172' title='bbox 1081 2974 1206 3077; x_wconf 80' lang='grc' dir='ltr'>φήσὶν,</span> <span class='ocrx_word' id='word_1_173' title='bbox 1217 2973 1320 3054; x_wconf 84' lang='grc' dir='ltr'>εὀτὶυ</span> <span class='ocrx_word' id='word_1_174' title='bbox 1338 3009 1358 3054; x_wconf 96' lang='grc' dir='ltr'>ο</span> 
     </span>
     <span class='ocr_line' id='line_1_23' title="bbox 340 3093 1351 3201; baseline -0.008 -23"><span class='ocrx_word' id='word_1_175' title='bbox 340 3097 557 3191; x_wconf 79' lang='grc' dir='ltr'>ὁβασιλεύς</span> <span class='ocrx_word' id='word_1_176' title='bbox 583 3104 647 3198; x_wconf 80' lang='grc' dir='ltr'>τῆς</span> <span class='ocrx_word' id='word_1_177' title='bbox 672 3096 802 3201; x_wconf 68' lang='grc' dir='ltr'>δόξης,</span> <span class='ocrx_word' id='word_1_178' title='bbox 836 3110 862 3145; x_wconf 85' lang='grc'><strong>“</strong></span> <span class='ocrx_word' id='word_1_179' title='bbox 876 3093 1036 3198; x_wconf 80' lang='grc' dir='ltr'>Σκῶληξ</span> <span class='ocrx_word' id='word_1_180' title='bbox 1061 3099 1120 3174; x_wconf 79' lang='grc' dir='ltr'>καὶ</span> <span class='ocrx_word' id='word_1_181' title='bbox 1144 3098 1209 3175; x_wconf 79' lang='grc' dir='ltr'>οὐκ</span> <span class='ocrx_word' id='word_1_182' title='bbox 1235 3106 1322 3179; x_wconf 67' lang='grc' dir='ltr'>σνθτ</span> <span class='ocrx_word' id='word_1_183' title='bbox 1335 3151 1351 3171; x_wconf 52' lang='grc' dir='ltr'>,τ</span> 
     </span>
     <span class='ocr_line' id='line_1_24' title="bbox 340 3220 1371 3329; baseline -0.005 -25"><span class='ocrx_word' id='word_1_184' title='bbox 340 3225 470 3310; x_wconf 81' lang='grc' dir='ltr'>ὄνειδος</span> <span class='ocrx_word' id='word_1_185' title='bbox 497 3225 687 3329; x_wconf 78' lang='grc' dir='ltr'>ἀνθρώπου</span> <span class='ocrx_word' id='word_1_186' title='bbox 715 3227 772 3302; x_wconf 84' lang='grc' dir='ltr'>καὶ</span> <span class='ocrx_word' id='word_1_187' title='bbox 803 3221 1017 3326; x_wconf 80' lang='grc' dir='ltr'>ἐξουθένήμα</span> <span class='ocrx_word' id='word_1_188' title='bbox 1047 3220 1177 3319; x_wconf 80' lang='grc' dir='ltr'>λαοῦ,”</span> <span class='ocrx_word' id='word_1_189' title='bbox 1206 3224 1316 3311; x_wconf 83' lang='grc' dir='ltr'>αὐτός</span> <span class='ocrx_word' id='word_1_190' title='bbox 1351 3229 1371 3299; x_wconf 66' lang='grc' dir='ltr'>ἰ</span> 
     </span>
     <span class='ocr_line' id='line_1_25' title="bbox 340 3345 1372 3453; baseline -0.004 -25"><span class='ocrx_word' id='word_1_191' title='bbox 340 3353 360 3428; x_wconf 87' lang='grc' dir='ltr'><strong>ὁ</strong></span> <span class='ocrx_word' id='word_1_192' title='bbox 382 3347 556 3441; x_wconf 75' lang='grc' dir='ltr'>βασιλεὺς</span> <span class='ocrx_word' id='word_1_193' title='bbox 573 3355 636 3448; x_wconf 79' lang='grc' dir='ltr'>τῆς</span> <span class='ocrx_word' id='word_1_194' title='bbox 661 3347 783 3452; x_wconf 57' lang='grc' dir='ltr'>δόῇγς,</span> <span class='ocrx_word' id='word_1_195' title='bbox 805 3350 878 3427; x_wconf 83' lang='grc' dir='ltr'>ὁέν</span> <span class='ocrx_word' id='word_1_196' title='bbox 893 3346 1040 3453; x_wconf 80' lang='grc' dir='ltr'>πολέμῳ</span> <span class='ocrx_word' id='word_1_197' title='bbox 1060 3345 1219 3431; x_wconf 73' lang='grc' dir='ltr'>δυνατός.</span> <span class='ocrx_word' id='word_1_198' title='bbox 1269 3349 1372 3430; x_wconf 80' lang='grc' dir='ltr'>Πόλε</span> 
     </span>
     <span class='ocr_line' id='line_1_26' title="bbox 339 3473 1378 3583; baseline 0.004 -31"><span class='ocrx_word' id='word_1_199' title='bbox 339 3474 376 3552; x_wconf 79' lang='grc' dir='ltr'>δέ</span> <span class='ocrx_word' id='word_1_200' title='bbox 412 3476 506 3576; x_wconf 85' lang='grc' dir='ltr'>λέγει</span> <span class='ocrx_word' id='word_1_201' title='bbox 540 3473 604 3555; x_wconf 85' lang='grc' dir='ltr'>τόν</span> <span class='ocrx_word' id='word_1_202' title='bbox 636 3480 672 3555; x_wconf 84' lang='grc' dir='ltr'>ἐν</span> <span class='ocrx_word' id='word_1_203' title='bbox 709 3476 851 3574; x_wconf 84' lang='grc' dir='ltr'>σώματι</span> <span class='ocrx_word' id='word_1_204' title='bbox 886 3474 938 3553; x_wconf 84' lang='grc' dir='ltr'>ότι</span> <span class='ocrx_word' id='word_1_205' title='bbox 975 3476 1013 3552; x_wconf 80' lang='grc' dir='ltr'>ἐκ</span> <span class='ocrx_word' id='word_1_206' title='bbox 1048 3474 1215 3575; x_wconf 85' lang='grc' dir='ltr'>μαχίμων</span> <span class='ocrx_word' id='word_1_207' title='bbox 1252 3510 1378 3583; x_wconf 87' lang='grc' dir='ltr'>στοιχε</span> 
     </span>
     <span class='ocr_line' id='line_1_27' title="bbox 338 3599 1374 3705; baseline 0.003 -25"><span class='ocrx_word' id='word_1_208' title='bbox 338 3601 544 3681; x_wconf 83' lang='grc' dir='ltr'>πέπλασται</span> <span class='ocrx_word' id='word_1_209' title='bbox 562 3600 604 3680; x_wconf 88' lang='grc' dir='ltr'>τδ</span> <span class='ocrx_word' id='word_1_210' title='bbox 621 3601 788 3701; x_wconf 80' lang='grc' dir='ltr'>πλάσμα,</span> <span class='ocrx_word' id='word_1_211' title='bbox 806 3599 923 3684; x_wconf 79' lang='grc' dir='ltr'>καθῶτ</span> <span class='ocrx_word' id='word_1_212' title='bbox 941 3599 1148 3701; x_wconf 86' lang='grc' dir='ltr'>γέγραπται,</span> <span class='ocrx_word' id='word_1_213' title='bbox 1163 3606 1273 3705; x_wconf 79' lang='grc' dir='ltr'>φησὶ,</span> <span class='ocrx_word' id='word_1_214' title='bbox 1290 3616 1317 3651; x_wconf 88' lang='grc'><strong>“</strong></span> <span class='ocrx_word' id='word_1_215' title='bbox 1331 3611 1374 3683; x_wconf 91' lang='grc' dir='ltr'>Μ</span> 
     </span>
     <span class='ocr_line' id='line_1_28' title="bbox 245 3724 1359 3829; baseline -0.003 -25"><span class='ocrx_word' id='word_1_216' title='bbox 245 3763 290 3829; x_wconf 82' lang='lat'>34</span> <span class='ocrx_word' id='word_1_217' title='bbox 303 3766 332 3809; x_wconf 82' lang='lat' dir='ltr'>v.</span> <span class='ocrx_word' id='word_1_218' title='bbox 340 3733 449 3826; x_wconf 81' lang='grc' dir='ltr'>σθήτι</span> <span class='ocrx_word' id='word_1_219' title='bbox 477 3725 637 3824; x_wconf 89' lang='grc' dir='ltr'>πόλεμον</span> <span class='ocrx_word' id='word_1_220' title='bbox 668 3725 732 3806; x_wconf 84' lang='grc' dir='ltr'>τόν</span> <span class='ocrx_word' id='word_1_221' title='bbox 760 3724 944 3827; x_wconf 88' lang='grc' dir='ltr'>γινόμενον</span> <span class='ocrx_word' id='word_1_222' title='bbox 975 3727 1012 3802; x_wconf 87' lang='grc' dir='ltr'>έυ</span> <span class='ocrx_word' id='word_1_223' title='bbox 1042 3725 1220 3823; x_wconf 85' lang='grc' dir='ltr'>σῶματι.”</span> <span class='ocrx_word' id='word_1_224' title='bbox 1278 3729 1359 3809; x_wconf 86' lang='grc' dir='ltr'>Τ’</span> 
     </span>
     <span class='ocr_line' id='line_1_29' title="bbox 339 3848 1356 3960; baseline 0.003 -28"><span class='ocrx_word' id='word_1_225' title='bbox 339 3857 445 3960; x_wconf 72' lang='grc' dir='ltr'>φησὶ,</span> <span class='ocrx_word' id='word_1_226' title='bbox 475 3849 541 3950; x_wconf 81' lang='grc' dir='ltr'>τὴν</span> <span class='ocrx_word' id='word_1_227' title='bbox 576 3851 717 3930; x_wconf 77' lang='grc' dir='ltr'>εἴσοδον</span> <span class='ocrx_word' id='word_1_228' title='bbox 753 3856 810 3930; x_wconf 82' lang='grc' dir='ltr'>καὶ</span> <span class='ocrx_word' id='word_1_229' title='bbox 846 3850 978 3949; x_wconf 82' lang='grc' dir='ltr'>ταύτην</span> <span class='ocrx_word' id='word_1_230' title='bbox 1012 3848 1078 3949; x_wconf 87' lang='grc' dir='ltr'>τὴν</span> <span class='ocrx_word' id='word_1_231' title='bbox 1109 3848 1231 3950; x_wconf 90' lang='grc' dir='ltr'>πύλην</span> <span class='ocrx_word' id='word_1_232' title='bbox 1266 3852 1356 3934; x_wconf 82' lang='grc' dir='ltr'>εἶδεν</span> 
     </span>
    </p>
   </div>
   <div class='ocr_carea' id='block_1_3' title="bbox 331 4023 1387 4502">
    <p class='ocr_par' dir='ltr' id='par_1_3' title="bbox 331 4023 1387 4258">
     <span class='ocr_line' id='line_1_30' title="bbox 331 4023 1387 4100; baseline 0.004 -20"><span class='ocrx_word' id='word_1_233' title='bbox 331 4054 338 4067; x_wconf 86' lang='lat'><em>·</em></span> <span class='ocrx_word' id='word_1_234' title='bbox 374 4023 864 4098; x_wconf 68' lang='grc' dir='ltr'>32.Ι,ος.ο1κιῶνεεοοῃιίοιυΡοο1υι.</span> <span class='ocrx_word' id='word_1_235' title='bbox 946 4040 983 4095; x_wconf 83' lang='lat'>43</span> <span class='ocrx_word' id='word_1_236' title='bbox 997 4032 1025 4078; x_wconf 88' lang='lat' dir='ltr'>et</span> <span class='ocrx_word' id='word_1_237' title='bbox 1036 4023 1083 4094; x_wconf 86' lang='lat'>46.</span> <span class='ocrx_word' id='word_1_238' title='bbox 1099 4023 1209 4080; x_wconf 75' lang='lat' dir='ltr'><strong>sesaias</strong></span> <span class='ocrx_word' id='word_1_239' title='bbox 1223 4044 1271 4100; x_wconf 75' lang='lat'>49.</span> <span class='ocrx_word' id='word_1_240' title='bbox 1287 4037 1387 4100; x_wconf 81' lang='lat' dir='ltr'>15et1</span> 
     </span>
     <span class='ocr_line' id='line_1_31' title="bbox 340 4103 1385 4183; baseline 0.003 -22"><span class='ocrx_word' id='word_1_241' title='bbox 340 4106 387 4177; x_wconf 84' lang='lat'>38,</span> <span class='ocrx_word' id='word_1_242' title='bbox 407 4123 451 4170; x_wconf 91' lang='lat'>10,</span> <span class='ocrx_word' id='word_1_243' title='bbox 475 4103 522 4159; x_wconf 83' lang='lat' dir='ltr'>ubi</span> <span class='ocrx_word' id='word_1_244' title='bbox 550 4111 594 4159; x_wconf 77' lang='lat' dir='ltr'>est</span> <span class='ocrx_word' id='word_1_245' title='bbox 617 4107 662 4157; x_wconf 83' lang='grc' dir='ltr'>τὸν</span> <span class='ocrx_word' id='word_1_246' title='bbox 689 4107 866 4173; x_wconf 82' lang='grc' dir='ltr'>κατακλυσμὸν</span> <span class='ocrx_word' id='word_1_247' title='bbox 942 4103 1190 4175; x_wconf 82' lang='grc' dir='ltr'>46.ε’πιλσυθόνομαι</span> <span class='ocrx_word' id='word_1_248' title='bbox 1199 4108 1385 4183; x_wconf 73' lang='lat' dir='ltr'><strong>accusativoq</strong></span> 
     </span>
     <span class='ocr_line' id='line_1_32' title="bbox 338 4184 1172 4258; baseline -0.002 -16"><span class='ocrx_word' id='word_1_249' title='bbox 338 4188 463 4242; x_wconf 69' lang='grc' dir='ltr'>κατοικιεῖ.</span> <span class='ocrx_word' id='word_1_250' title='bbox 907 4203 961 4258; x_wconf 86' lang='lat' dir='ltr'>que</span> <span class='ocrx_word' id='word_1_251' title='bbox 972 4184 1069 4257; x_wconf 80' lang='lat' dir='ltr'>jungit</span> <span class='ocrx_word' id='word_1_252' title='bbox 1084 4184 1172 4241; x_wconf 79' lang='lat' dir='ltr'>Plato.</span> 
     </span>
    </p>

    <p class='ocr_par' dir='ltr' id='par_1_4' title="bbox 379 4263 1215 4338">
     <span class='ocr_line' id='line_1_33' title="bbox 379 4263 1215 4338; baseline -0.001 -17"><span class='ocrx_word' id='word_1_253' title='bbox 379 4266 415 4322; x_wconf 88' lang='lat' dir='ltr'>ib.</span> <span class='ocrx_word' id='word_1_254' title='bbox 430 4264 534 4321; x_wconf 88' lang='lat' dir='ltr'>Addidi</span> <span class='ocrx_word' id='word_1_255' title='bbox 548 4267 597 4321; x_wconf 76' lang='grc' dir='ltr'>καί.</span> <span class='ocrx_word' id='word_1_256' title='bbox 947 4279 994 4338; x_wconf 82' lang='lat'>50.</span> <span class='ocrx_word' id='word_1_257' title='bbox 1010 4263 1113 4320; x_wconf 77' lang='lat' dir='ltr'><strong>Psalm.</strong></span> <span class='ocrx_word' id='word_1_258' title='bbox 1131 4281 1177 4336; x_wconf 77' lang='lat'>23,</span> <span class='ocrx_word' id='word_1_259' title='bbox 1189 4282 1215 4338; x_wconf 91' lang='lat'>7.</span> 
     </span>
    </p>

    <p class='ocr_par' dir='ltr' id='par_1_5' title="bbox 378 4343 1214 4421">
     <span class='ocr_line' id='line_1_34' title="bbox 378 4343 1214 4421; baseline -0.004 -18"><span class='ocrx_word' id='word_1_260' title='bbox 378 4364 426 4421; x_wconf 81' lang='lat'>34.</span> <span class='ocrx_word' id='word_1_261' title='bbox 442 4345 514 4403; x_wconf 86' lang='lat' dir='ltr'>Cod.</span> <span class='ocrx_word' id='word_1_262' title='bbox 526 4347 700 4420; x_wconf 77' lang='grc' dir='ltr'>πολυσχεδήτ.</span> <span class='ocrx_word' id='word_1_263' title='bbox 948 4363 994 4418; x_wconf 84' lang='lat'>53.</span> <span class='ocrx_word' id='word_1_264' title='bbox 1011 4343 1112 4401; x_wconf 76' lang='lat' dir='ltr'><strong>Psalm.</strong></span> <span class='ocrx_word' id='word_1_265' title='bbox 1130 4362 1176 4410; x_wconf 85' lang='lat'>21,</span> <span class='ocrx_word' id='word_1_266' title='bbox 1189 4358 1214 4420; x_wconf 84' lang='lat'>7.</span> 
     </span>
    </p>

    <p class='ocr_par' dir='ltr' id='par_1_6' title="bbox 379 4425 1204 4502">
     <span class='ocr_line' id='line_1_35' title="bbox 379 4425 1204 4502; baseline 0 -19"><span class='ocrx_word' id='word_1_267' title='bbox 379 4430 425 4500; x_wconf 85' lang='lat'>36.</span> <span class='ocrx_word' id='word_1_268' title='bbox 442 4427 513 4484; x_wconf 70' lang='lat' dir='ltr'><strong>Psnl.</strong></span> <span class='ocrx_word' id='word_1_269' title='bbox 530 4445 636 4502; x_wconf 82' lang='lat'>34,17.</span> <span class='ocrx_word' id='word_1_270' title='bbox 949 4444 996 4497; x_wconf 82' lang='lat'>57.</span> <span class='ocrx_word' id='word_1_271' title='bbox 1012 4425 1078 4481; x_wconf 88' lang='lat' dir='ltr'><strong>Job.</strong></span> <span class='ocrx_word' id='word_1_272' title='bbox 1094 4443 1144 4498; x_wconf 86' lang='lat'>40,</span> <span class='ocrx_word' id='word_1_273' title='bbox 1157 4443 1204 4499; x_wconf 83' lang='lat'>²7·</span> 
     </span>
    </p>
   </div>
   <div class='ocr_carea' id='block_1_4' title="bbox 0 0 1396 4964">
    <p class='ocr_par' dir='ltr' id='par_1_7' title="bbox 0 0 1396 4964">
     <span class='ocr_line' id='line_1_36' title="bbox 0 0 1396 4964; baseline 0 0"><span class='ocrx_word' id='word_1_274' title='bbox 0 0 1396 4964; x_wconf 95' lang='lat' dir='ltr'> </span> 
     </span>
    </p>
   </div>
  </div>
 </body>
</html>
