2782 4972
203 272 245 336 το
647 270 862 338 οιυοαυιε
1238 267 1365 351 ιυρ-

202 437 269 537 τὴν
304 432 572 516 ἀντανάκλασιν
607 437 671 531 τῆς
707 442 838 514 κυανοῦ
877 444 1170 538 προσπεσοῦσαν
1208 436 1339 534 δίκηνςο

203 568 356 667 οὐρανοῦ
372 563 597 641 ἐνδείκνυσιν.
639 556 744 664 Ἔχει
762 558 800 639 δὲ
816 562 875 640 καὶ
892 558 1043 661 στάμαίν
1059 595 1096 641 τι
1112 560 1158 642 τὸ
1174 563 1304 671 ἔδαφος

203 687 358 789 λεληθὸς
381 683 410 794 ᾧ
437 685 630 784 ἐπικειμένη
658 687 680 784 ἡ
707 683 840 785 λεκάνη
867 684 931 766 τὸν
956 684 1021 785 μὲν
1044 690 1214 787 πυθμένα
1239 691 1303 796 ἔχει

202 817 331 913 ὑάλου,
351 811 440 913 αὐτὴ
466 810 503 890 δέ
525 813 605 891 ἐστὶ
628 812 787 915 πετρίνη,
808 810 1002 912 ὑπέστηδέ
1027 809 1122 899 οἶκος
1140 815 1304 916 λεληθὸς

199 949 248 1029 είς
275 942 317 1023 δν
343 937 647 1042 συμπορευόμενοι
675 942 708 1016 οὶ
735 943 956 1037 συμπαῖκται
983 938 1158 1044 σχήματα
1186 938 1241 1020 ὦν
1261 940 1303 1021 ἀν

199 1068 377 1167 βούληται
394 1063 566 1144 δεικνύναι
585 1066 605 1142 ὁ
621 1061 739 1165 μάγος
758 1071 848 1143 θεῶν
866 1069 925 1145 καὶ
951 1063 1129 1166 δαιμόνων
1151 1067 1336 1156 ε’νδυσά·53

199 1228 298 1293 μενοι
314 1193 566 1301 ἐμφαίνουσιν,
587 1188 648 1274 οὓς
665 1195 829 1293 καθορῶν
850 1195 870 1270 ὀ
895 1191 1131 1291 πλανώμενος
1148 1194 1192 1277 τὸ
1211 1229 1300 1275 παν-

200 1319 365 1424 ούργημα
395 1316 648 1417 καταπέπληγε
674 1323 748 1396 τῶν
772 1315 912 1418 μάγων,
940 1320 1000 1396 καὶ
1027 1318 1159 1400 λοιπὸν
1184 1321 1302 1403 πάντα

199 1444 355 1525 πιστεύει
373 1443 419 1525 τὰ
444 1443 501 1523 ὑπ’
522 1444 630 1522 astron?
654 1441 894 1548 ῥηθησόμενα.
954 1445 1122 1544 Δαίμονα
1149 1444 1188 1525 δέ
1214 1455 1304 1528 ποιεῖ

199 1573 372 1667 καίεσθαι,
392 1573 430 1648 ἐν
455 1571 564 1677 τοίχῳ
588 1563 817 1655 διατυπώσας
835 1574 962 1675 σχῆμα
986 1569 1212 1671 δβοθλεται,
1230 1570 1301 1655 εἶτα

198 1697 378 1799 λαθραάος
395 1696 540 1800 ἐπιχρίει
558 1694 737 1804 φαρμάκῳ
754 1696 956 1804 μεμιγμένῳ
972 1699 1065 1805 τῷδε
1086 1702 1141 1806 τῷ
1164 1699 1336 1809 τράιιτρ·6ο

199 1830 386 1930 λακωνικῷ
405 1827 464 1903 καὶ
482 1821 665 1930 ἀσφάλτῳ
684 1822 863 1929 ζακννθίηι,
883 1818 959 1903 εἶτα
976 1827 1026 1909 ὦς
1043 1824 1300 1931 ἀποφοιβάζων

198 1948 265 2050 τὴν
291 1949 466 2050 λαμπάδα
492 1948 692 2056 προσφέρει
715 1955 766 2057 τῷ
792 1951 912 2058 τοίχῳ.
961 1947 1017 2030 Τὸ
1043 1949 1082 2030 δέ
1107 1949 1301 2057 φάρμακον

198 2076 406 2184 ε’κλάμφαν,
437 2078 580 2156 καίεται.
637 2074 796 2174 Ἑκάτην
824 2073 862 2154 δὲ
894 2078 1007 2155 δοκεῖν
1035 2076 1196 2181 ἔμπυρον
1225 2083 1299 2159 δια·

200 2203 335 2309 τρέχειν
368 2206 406 2282 ἐν
441 2202 517 2305 ἀέρι
560 2203 651 2281 οὕτω
692 2199 903 2307 τεχνάζεται·
952 2205 1184 2304 συμπαίκτην
1223 2204 1301 2286 τινὰ

200 2329 344 2436 κρύψας
367 2332 405 2407 ἐν
425 2325 525 2434 τόπῳ
544 2323 573 2433 ᾧ
591 2326 773 2424 βούλεται,
792 2326 1020 2430 παραλαβὼν
1042 2326 1127 2414 τοὺς
1151 2342 1337 2419 mum-65

199 2455 326 2554 μένους
349 2454 457 2533 πείθει
479 2452 598 2553 λέγων
626 2451 751 2555 δείξειν
776 2452 1031 2535 διῖππαίουσαν
1055 2455 1099 2535 δι’
1118 2455 1223 2562 ἀέρος
1239 2458 1298 2557 έμ-

199 2617 316 2686 πυρον
342 2579 408 2680 τὴν
436 2580 599 2680 δαίμονα,
630 2578 682 2664 οἷς
712 2578 959 2682 παραγγελλει
988 2578 1054 2665 τάς
1081 2582 1186 2689 ὄφεις
1210 2581 1302 2689 ταχὺ

201 2707 466 2817 φυλάσσεσθαι
483 2708 587 2806 ἡνίκα
604 2706 731 2787 ’ίδωσιν
747 2709 785 2785 ἐν
803 2704 879 2810 ἀέρι
896 2704 963 2805 τὴν
976 2706 1116 2813 φλάγα,
1129 2718 1299 2817 καλυψα-

199 2840 328 2938 μένοος
349 2872 389 2917 τε
412 2838 470 2916 ἐπὶ
495 2834 696 2939 πρόσωπον
718 2835 870 2930 πίπτειν,
892 2833 958 2919 ἕως
981 2833 1088 2919 αὐτὸς
1113 2840 1224 2943 καλῇ,
1244 2840 1301 2917 καὶ

201 2974 314 3045 ταῦτα
337 2960 486 3064 διδάξας
501 2964 540 3042 ἐν
564 2959 733 3067 ἀσελήνῳ
752 2962 849 3040 νυκτὶ
875 2961 916 3038 δι’
937 2961 1031 3040 ἐπῶν
1058 2963 1170 3046 οὕτως
1188 2962 1343 3071 φθὲγ·70

203 3119 316 3192 γεται·

354 3230 511 3328 Νερτερίη,
528 3229 629 3328 χθονίη
644 3263 677 3303 τε
695 3229 746 3304 καί
763 3232 880 3331 οὐρανίη
894 3233 972 3327 μολέ
988 3237 1115 3328 Βομβὸ,

355 3345 482 3434 Εἷνοδίη,
500 3346 633 3444 τριοδῖτι,
651 3347 820 3446 φαεσφίρε,
838 3349 1056 3446 ννκτεροφοάη·

356 3461 446 3560 ἔχθρη
461 3461 516 3556 μὲν
533 3459 643 3554 φντδς,
662 3459 764 3542 νυκτδς
781 3463 812 3534 δὲ
829 3462 908 3554 φίλη
924 3459 975 3533 καί
992 3462 1105 3560 ἑταίρη,

113 3608 151 3676 17
167 3612 194 3656 ς,
354 3576 506 3674 χαίρουσα
524 3578 678 3649 σκυλάκων
696 3577 793 3678 ὑλακῇ
808 3610 843 3649 τε
860 3574 912 3651 καὶ
928 3573 1037 3672 αἵματι
1054 3589 1146 3679 φοινρ
1312 3594 1345 3655 75

247 3863 295 3920 53.
310 3845 381 3902 0οὰ
397 3844 459 3914 αὕτη
474 3847 502 3901 δι’
515 3846 572 3901 ε’στί
585 3847 689 3918 πρηνής.
816 3848 863 3920 69.
880 3847 952 3904 Cod.
967 3851 1047 3903 καλεῖ.

699 3930 706 3949 ’
818 3943 865 4000 7ο.
881 3927 1003 3985 Videtur
1015 3927 1171 4003 legendum
1184 3934 1286 3997 Βαυβὸ.

819 4021 865 4083 73.
881 4007 953 4066 Cod.
967 4011 1086 4081 τριοδείη.

819 4089 916 4163 74.1n
938 4089 1002 4145 cod.
1020 4097 1082 4146 erat
1101 4091 1176 4165 ἐχρὴ,
1192 4090 1304 4166 adjectu

205 4167 304 4225 cabula
318 4166 431 4223 omissa.
773 4167 869 4225 littera
882 4169 899 4223 θ
912 4169 1005 4225 rubra.

246 4249 295 4321 63.
310 4247 381 4305 cod.
396 4246 425 4302 in
439 4265 530 4321 marg.
543 4250 606 4321 Περὶ
619 4248 731 4317 Ἑκάτης.
816 4249 855 4307 ib.
870 4249 941 4306 Erat
954 4250 1035 4323 ἑτέρη·
1051 4249 1108 4307 litt.
1124 4274 1150 4307 α
1163 4250 1240 4309 rubr.

247 4328 296 4385 66.
312 4327 384 4385 Cod.
400 4327 590 4386 διῖσπεῦουσον.
