2782 4972
121 260 164 321 14
564 252 779 317 ORIGENIS

122 418 235 523 ξηρὸν
253 421 311 497 καὶ
328 416 370 498 τὸ
389 424 526 523 κοῦφον
538 422 586 499 εἰς
603 414 646 495 τὸ
664 415 793 519 πρόσω
810 426 876 497 τοῦ
894 418 1035 521 αἰθέρος
1052 422 1219 521 ὁρμῆσαι.

121 543 201 645 Τήν
219 544 255 624 δέ
273 549 343 645 γῆν
361 546 413 651 τῷ
431 542 591 648 σηρήματι
609 548 782 621 πλατεῖαν
799 540 885 621 εἶναι
912 546 972 623 καὶ
989 546 1108 644 μένειν
1126 547 1221 645 μετέ-

121 707 216 776 ωρον
235 670 291 751 διὰ
317 670 360 751 τὸ
387 669 534 771 μέγεθος
557 672 615 747 καὶ
645 667 702 747 διὰ
728 667 771 748 τὸ
798 669 908 768 μηδὲν
925 667 1013 749 εἶναι
1032 670 1150 771 κενὸν,
1171 677 1223 753 καὶ

122 800 181 880 διὰ
209 798 251 880 τὸ
278 797 342 880 τὸν
370 798 456 901 ἀέρα
482 796 720 901 ἰσχυρότατον
738 795 825 875 ὄντα
849 797 969 903 φέρειν
986 799 1259 905 ε’ποχουμένηνό5

122 925 189 1027 τήν
216 932 297 1028 γῆν.
339 933 425 1007 Τῶν
454 926 484 1002 δ’
510 927 566 1005 ε’πὶ
596 929 664 1025 γῆς
693 926 812 1026 ἀγρῶν
838 920 906 1021 τήν
934 922 999 1023 μέν
1026 924 1224 1006 θάλασσαν

124 1054 295 1159 ὑπάρξαι,
314 1052 361 1133 τά
377 1087 415 1133 τε
432 1056 470 1131 έν
487 1054 576 1156 αὐτῇ
596 1054 708 1130 ὕδατα
731 1049 993 1153 ε’ξατμισθέντα
1017 1052 1225 1133 ὑποστάντα

124 1184 236 1266 οὕτως
254 1181 434 1284 γεγονέναι
452 1184 511 1259 καὶ
528 1178 600 1259 ἀπὸ
617 1187 690 1257 τῶν
700 1177 1020 1282 καταρρευσάντων
1037 1187 1221 1279 ποταμῶν.

125 1307 221 1394 Τοὺς
240 1306 276 1387 δέ
298 1306 480 1408 ποταμοὺς
507 1308 566 1385 καὶ
590 1303 662 1385 ἀπὸ
687 1314 759 1385 τῶν
777 1306 926 1409 ὄμβρων
944 1304 1145 1405 λαμβάνειν
1163 1304 1225 1405 τήν

126 1433 330 1517 ὑπόστασιν
340 1439 398 1513 καὶ
411 1433 455 1537 ἐξ
471 1436 589 1513 αὐτῶν
601 1440 674 1512 τῶν
685 1437 724 1513 ε’ν
741 1439 786 1537 τῇ
805 1439 867 1537 γῇ.
903 1429 1006 1511 Εἶναι
1025 1431 1099 1537 γὰρ
1117 1432 1262 1533 αάτὴνῐο

126 1563 266 1661 κοίλην,
296 1564 355 1639 καὶ
383 1562 473 1666 ε”χειν
503 1563 597 1663 ὕδωρ
627 1562 665 1638 ἐν
694 1566 768 1644 τοῖς
800 1559 1037 1660 κοιλῶμασιν.
1088 1560 1227 1642 Τὸνδέ

127 1692 262 1767 Νεῖλον
275 1684 449 1790 αὔξεσθαι
461 1684 552 1765 κατὰ
568 1684 611 1765 τὸ
629 1685 731 1789 θέρος
746 1688 1040 1794 καταφερομένων
1053 1694 1102 1771 εἱς
1119 1688 1228 1769 αὐτὸν

127 1810 265 1894 ὖδοίτων
284 1811 357 1895 ἀπό
375 1822 446 1894 τῶν
464 1817 502 1892 ἐν
519 1819 593 1897 τοῖς
611 1816 752 1916 ἀρκτοῖς
770 1814 910 1919 χιόνων.
949 1812 1090 1894 Ἥλιον
1109 1815 1145 1894 δέ
1170 1822 1227 1897 καὶ

126 1940 287 2041 σελήνην
315 1944 374 2021 καὶ
405 1940 522 2021 πάντα
554 1938 600 2019 τὰ
631 1940 751 2044 ἀοτρα
780 1942 903 2025 λίθους
934 1938 1020 2020 εἶναι
1050 1943 1229 2047 ἐμπύρους

126 2068 487 2177 συμπεριληφθέντας
506 2066 574 2147 ὑπὸ
592 2072 656 2167 τῆς
673 2066 811 2169 αἰθέρος
828 2075 1035 2174 περιφορᾶς.
1072 2067 1177 2149 Εἶναι
1197 2072 1226 2149 ὅ
1237 2098 1267 2159 75

127 2194 292 2276 ὑποκάτω
319 2203 392 2273 τῶν
411 2195 558 2295 ἄστρων
575 2194 679 2291 ἥλιον
700 2197 759 2272 καὶ
785 2192 946 2293 σελήνην
970 2193 1126 2293 σῶματά
1148 2231 1229 2275 τινα

126 2319 460 2425 συμπεριφερόμενοι
487 2320 570 2418 ἡμῖν
602 2320 748 2423 ἀόρατα,
778 2318 906 2419 ουδὲ
941 2318 1155 2423 θερμότητος
1176 2320 1227 2422 μὴ

127 2444 362 2527 αίσθάνεσθαι
388 2452 461 2524 τῶν
479 2444 625 2548 ἀστρων
651 2444 708 2524 διὰ
736 2444 778 2526 τὸ
807 2445 948 2549 μακρὰν
972 2442 1059 2525 εἶναι
1083 2453 1143 2529 καὶ
1169 2450 1228 2529 διὰ

126 2570 193 2672 τήν
214 2574 422 2654 ἀπόστασιν
448 2578 513 2673 τῆς
539 2577 616 2673 γῆς·
645 2572 693 2652 ἔτι
722 2570 758 2650 δέ
788 2575 854 2677 οὐχ
884 2576 1011 2673 ὁμοίως
1037 2576 1152 2678 θερμὰ
1175 2581 1228 2684 τῷ

127 2700 218 2808 ήλίιρ
236 2698 293 2779 διὰ
310 2696 352 2779 τὸ
369 2698 492 2805 χώραν
504 2698 594 2803 ἔχειν
607 2699 848 2804 ψυχροτέραν.
879 2696 965 2777 εἶναι
981 2697 1016 2777 δέ
1034 2698 1225 2803 τὴνσελή-
1237 2730 1272 2783 8ο

129 2862 193 2927 νην
210 2828 396 2932 κατωτέρω
415 2837 479 2908 τοῦ
496 2829 600 2926 ἡλίου
613 2826 864 2929 πλησιῶτερον
882 2828 992 2925 ἡμῶν.
1021 2829 1228 2935 Ὺπερέχειν

128 2953 164 3033 δὲ
181 2953 246 3035 τὸν
263 2957 367 3053 ἥλιον
384 2953 518 3055 μεγέθει
536 2951 602 3054 τὴν
616 2953 912 3053 Πελοπόννησον.
943 2952 999 3035 T&
1018 2953 1054 3033 δέ
1068 2964 1148 3063 φῶς
1161 2956 1227 3057 τήν

127 3080 287 3180 σελήνην
303 3077 354 3180 μὴ
373 3080 461 3160 ἴδιον
478 3081 583 3187 ἔχειν,
596 3081 681 3159 ἀλλ’
694 3077 766 3160 ἀπὸ
784 3090 849 3160 τοῦ
866 3083 982 3179 ἡλίου.
1013 3080 1093 3182 Τήν
1104 3082 1142 3162 δέ
1154 3093 1227 3165 τῶν

127 3207 274 3310 ἀοτρων
291 3206 490 3315 περιφορὰν
506 3204 576 3288 ὑπὸ
594 3212 664 3307 γῆν
683 3209 857 3308 γίνεσθαι.
888 3208 1088 3290 Ἐκλείπειν
1107 3210 1227 3311 δέτὴν

127 3334 287 3436 σελήνην
296 3340 365 3437 γῆς
383 3335 706 3442 ἀντιφραττούσης,
718 3333 825 3416 ε’νιάτε
845 3334 881 3415 δέ
899 3342 957 3417 καὶ
973 3346 1047 3418 τῶν
1061 3340 1227 3421 ὑποκάτω
1237 3359 1270 3433 85

127 3466 191 3560 τῆς
209 3462 377 3561 σελήνης.
423 3460 561 3542 Tan&
593 3463 711 3560 ἥλιον,
739 3470 816 3547 ταῖς
847 3468 1046 3563 νουμηνίαις
1069 3468 1228 3569 σελήνης

127 3589 449 3695 ἀντιφραττούσης.
505 3587 655 3693 Τροπάς
682 3587 718 3668 δέ
742 3598 920 3671 ποιεῖσθαι
947 3598 1004 3671 καὶ
1034 3594 1138 3691 ἥλιον
1168 3598 1228 3675 καὶ

127 3714 287 3815 σελήνην
298 3716 570 3815 ἀπωθουμένους
584 3714 653 3796 ὑπὸ
664 3727 728 3797 τοῦ
743 3717 858 3821 ἀέρος.
898 3718 1060 3818 Σελήνην
1074 3719 1112 3798 δὲ
1127 3732 1225 3801 πολ-

128 3840 231 3927 λάκις
262 3842 454 3945 τρέπεσθαι
477 3841 534 3920 διὰ
559 3840 602 3922 τό
627 3841 677 3941 μὴ
703 3845 877 3923 δύνασθαι
903 3852 1042 3948 κρατεῖν
1059 3855 1125 3925 τοῦ
1148 3854 1225 3954 ψυ-

126 3978 227 4075 χροῦ.
257 3968 376 4054 Οὗτος
394 3968 557 4075 ἀφώρισε
574 3977 717 4073 πρῶτος
732 3969 778 4049 τὰ
795 3976 876 4075 περὶ
893 3971 957 4057 τὰς
974 3974 1149 4079 ἐκλείψεις
1167 3981 1227 4055 καὶ
1235 4018 1276 4074 90

127 4095 349 4204 φοπισμοθς.
383 4092 538 4203 Ἔφηδέ
554 4094 681 4196 γηΐνην
698 4092 784 4175 εἶναι
801 4096 868 4195 τὴν
885 4098 1058 4199 σελήνην,
1079 4100 1170 4204 ἔχειν
1188 4136 1226 4180 τε

333 4350 378 4423 76.
393 4350 465 4421 ἡλίου
479 4352 518 4406 καὶ
532 4352 641 4421 σελήνης
657 4358 733 4407 recte
747 4352 870 4409 correxit
885 4352 1015 4410 Delarue.
