2782 4972
80 274 123 336 40
521 268 739 333 ORIGENIS
1133 262 1247 337 1v.4-

81 429 264 534 δρεύοντος
282 433 327 535 τῇ
347 427 525 533 ὠδινούσῃ
548 427 769 531 κρούσαντος
787 429 839 532 τῷ
858 427 983 533 δι’σκιρ,
1001 421 1078 505 εἶτα
1095 421 1180 523 μετὰ

79 556 122 637 τὸ
133 564 285 660 κροῦσαι
299 555 522 641 ἀκούσαντος
532 564 596 636 τοῦ
607 558 663 635 ἐπὶ
675 551 741 652 τὴν
752 551 957 656 ἀκρώρειαν,
970 549 1112 653 [ἀλλὰ]
1126 553 1179 629 καὶ

79 693 384 788 περισκοποῦντος
405 687 464 762 καὶ
489 681 690 775 βλέποντος
713 683 751 760 ἐν
768 681 836 759 τίνι
854 685 927 758 τῶν
946 677 1082 786 ζιρδίων
1104 680 1180 757 ἐστὶ

78 810 216 911 σελήνη
245 815 303 890 καὶ
330 816 403 889 τῶν
422 815 560 889 λοιπῶν
588 807 749 912 ἀστέρων
767 810 804 886 ἐν
823 809 893 886 τίνι
914 807 1070 890 ἕκαστος
1096 804 1220 911 pal-50

79 972 184 1035 νεται,
224 941 419 1037 ἀναγκαῖον
448 935 682 1038 ἀλλοιότερον
714 934 880 1036 γενέσθαι
911 931 954 1013 τό
990 937 1075 1036 περὶ
1100 930 1180 1016 τοῦς

79 1063 232 1167 ἀστέρας
250 1060 412 1163 διόθεμα,
433 1067 497 1160 τῆς
514 1071 579 1143 τοῦ
597 1060 716 1141 πόλου
734 1059 906 1159 κινήσεως
923 1057 1067 1165 ἀλέκτφ
1083 1056 1179 1163 τάχει

78 1190 273 1297 φερομένης
300 1194 385 1293 πρὶν
422 1195 618 1292 τηρητικῶς
646 1185 987 1293 παραφυλάξασθαι
1017 1184 1087 1285 τὴν
1118 1193 1179 1266 τοῦ

77 1318 305 1420 γεννηθέντος
323 1316 421 1421 ὥραν
440 1315 515 1397 κατ’
535 1314 687 1421 οὐρανόν
704 1313 942 1414 βλεπομένην.

42 1471 67 1551 5
134 1448 261 1530 Οῦτως
294 1444 503 1529 ἀσύστατος
539 1442 761 1547 δειχθήσεται
791 1441 814 1539 ἡ
846 1439 936 1519 κατά
974 1440 1218 1530 Χαλδαίονς55

76 1572 192 1677 τέχνη.
251 1577 297 1651 El
326 1571 363 1650 δέ
388 1570 433 1674 ἐξ
458 1569 709 1674 έπερωτήσεων
729 1567 868 1675 φάσκοι
889 1601 942 1652 τις
967 1573 1180 1648 σκοπεῖσθαι

77 1706 142 1777 τοῦ
172 1698 441 1796 πυνθανομένου
468 1696 534 1796 τὴν
563 1697 716 1798 γένεσιν,
743 1693 766 1794 ἢ
795 1698 875 1797 περὶ
903 1694 946 1773 οὗ
971 1694 1179 1798 ε’περωτάτω

77 1822 166 1922 μηδὲ
193 1822 285 1903 κατὰ
309 1833 437 1904 τοῦτον
458 1823 523 1904 τόν
540 1822 674 1929 τρόπον
694 1821 870 1902 δύνασθαι
886 1823 1110 1927 ἐφικνεῖσθαι
1126 1824 1181 1901 ε’πὶ

77 1947 119 2031 τὸ
147 1952 300 2055 ἀκριβές.
362 1956 408 2032 Εἰ
436 1950 507 2056 γὰρ
531 1948 691 2049 τοσαύτη
721 1984 775 2034 τις
798 1946 977 2046 ἐπιμέλεια
995 1946 1182 2051 ἱστόρηται

76 2078 152 2158 κατ’
173 2077 301 2164 αὐτοῦς
320 2083 399 2181 περὶ
417 2073 484 2175 τὴν
501 2076 638 2182 τέχνην,
657 2080 715 2156 καὶ
733 2075 814 2175 μηδ
834 2076 934 2153 αὐτοὶ
955 2076 1224 2176 ε’φικνοῦισαιόο

76 2208 133 2284 ε’πὶ
151 2204 193 2284 τό
213 2203 365 2308 ἀκριβές,
384 2202 502 2288 καθὼς
519 2200 754 2306 ἐπεδείξαμεν,
772 2208 850 2286 πῶς
867 2202 888 2280 ό
906 2199 1049 2299 ίδιῶτης
1066 2203 1181 2281 κατεί·

77 2336 173 2435 ληφε
191 2334 255 2427 τῆς
272 2328 470 2431 ἀποτέξεως
487 2328 551 2409 τὸν
569 2327 700 2434 χρόνον
718 2331 887 2431 ἀκριβῶς,
903 2327 961 2407 ἵνα
977 2328 1081 2431 παρὰ
1099 2329 1183 2409 τού·

76 2491 141 2536 του
158 2454 283 2553 μαθὼν
302 2458 322 2534 ὁ
343 2458 530 2540 Χαλδαῖος
548 2454 671 2560 στήση
689 2454 753 2535 τὸν
773 2453 986 2558 ὡροσκόπον
1004 2457 1155 2553 ἀληθῶς
1170 2489 1181 2552 ;

78 2583 187 2664 Ἀλλ’
210 2580 288 2661 οῦδὲ
308 2581 400 2661 κατὰ
416 2579 482 2680 τὴν
501 2592 565 2662 τοῦ
590 2581 767 2687 ὁρίζοντος
792 2582 881 2688 ὄψιν
896 2579 1016 2679 πάντη
1035 2584 1055 2661 ὁ
1074 2580 1186 2668 αὐτὸς

77 2709 277 2818 φανήσεται
305 2711 465 2814 ἀνίσχων
492 2707 625 2812 ἀστὴρ,
656 2711 740 2788 ἀλλ’
767 2709 858 2790 ὅπου
884 2707 949 2808 μὲν
967 2709 1228 2810 ὡροσκόποςός

78 2835 334 2937 νομισθήσεται
361 2834 403 2916 τὸ
425 2834 621 2936 ἀπόκλιμα,
643 2836 734 2917 όπου
758 2834 795 2913 δὲ
820 2835 1031 2938 ὡροσκόπος
1049 2837 1072 2934 ἡ
1090 2839 1183 2916 ἐπα·

1 2999 23 3057 4
41 3000 67 3041 r.
78 2962 219 3068 ναφορά
237 2963 336 3066 παρὰ
355 2959 421 3061 τὴν
438 2969 511 3041 τῶν
521 2960 641 3042 τόπων
659 2959 865 3068 ἐπιφάνειαν
883 2960 996 3040 ὄντων
1013 2957 1036 3057 ἢ
1055 2996 1181 3041 ταπει-

77 3087 267 3192 νατέρωνῆ
289 3087 536 3195 ὑψηλοτέρων,
558 3085 731 3167 ὥστεκαὶ
753 3087 845 3168 κατὰ
868 3096 975 3167 τοῦτο
1002 3084 1045 3166 τό
1073 3088 1183 3191 μέρος

76 3217 139 3294 οῦκ
167 3212 317 3318 ἀκριβὴς
345 3213 545 3321 φανήσεται
573 3215 595 3312 ἡ
619 3212 893 3317 προαγόρευσις,
913 3219 1069 3294 πολλῶν
1087 3215 1183 3295 κατά

74 3339 194 3421 πάντα
222 3340 285 3421 τόν
312 3341 450 3440 κόσμον
477 3345 522 3446 τῇ
553 3344 642 3445 αὐτῇ
676 3338 752 3446 ιόρᾳ
783 3340 1023 3442 γεννωμένων,
1056 3341 1230 3436 ἅλλουηο

73 3469 199 3554 ἄλλως
229 3468 274 3548 τά
304 3468 423 3571 ἀστρα
449 3474 675 3570 θεωροῦντος.
735 3468 883 3546 Ματαία
916 3466 954 3547 δὲ
987 3471 1045 3546 καὶ
1069 3469 1092 3567 ἡ
1119 3469 1182 3548 διὰ

72 3601 145 3672 τῶν
165 3592 347 3703 ῦ[δρι]ιῦν
367 3593 576 3694 νομιζομένη
595 3592 813 3700 κατάληψις.
873 3596 932 3673 Οῦ
957 3591 1030 3696 γὰρ
1048 3595 1180 3692 ὁμοίως

113 3778 161 3837 47.
184 3761 265 3818 Sext.
280 3763 408 3831 ἀπότεξιυ,
424 3765 451 3818 ἐν
468 3762 489 3839 ᾧ
507 3767 602 3838 γίνεται
684 3765 722 3822 ib.
743 3764 817 3821 Haee
834 3764 1007 3822 difficillima.
1044 3765 1080 3822 In
1096 3785 1178 3823 men-

72 3849 86 3898 ὁ
109 3842 172 3914 ἦχος
192 3842 243 3897 ἀπδ
264 3847 311 3898 τοῦ
332 3847 387 3900 ταῖς
405 3847 449 3911 τῆς
468 3846 603 3915 τικτούσης
643 3855 700 3903 tem
712 3846 790 3903 venit
804 3847 831 3900 έκ
844 3850 973 3916 περισσοῦ
987 3849 1128 3920 ἒπτέρωται
1141 3852 1180 3922 τῷ

72 3925 147 3978 ὠδῖσι
160 3924 266 3996 παριδρ.
642 3929 714 3997 μηδέ.
755 3926 908 4000 Sequentia
929 3927 1113 3985 inveniuntur
1133 3946 1178 4002 ap.

113 4002 162 4072 48.
179 4003 255 4060 Fort.
269 4003 367 4078 legas]
381 4002 513 4074 ἀκρορείᾳ.
543 4005 600 4061 Ex·
644 4006 765 4064 Sextum
783 4012 808 4076 ὁ.
821 4007 869 4081 87,
885 4025 949 4063 cum
963 4007 1114 4081 frequente
1127 4027 1176 4064 vu-

72 4082 179 4140 ciderat
190 4083 266 4146 ἇλλὰ,
279 4084 356 4159 quod
368 4082 474 4139 Sextus
484 4086 601 4158 praebet.
643 4088 685 4144 rie
698 4088 829 4144 lectione.

113 4176 161 4239 52.
176 4164 235 4218 ἀλλ’
249 4165 369 4237 ἐντάχιι.
684 4169 734 4239 64.
750 4168 784 4224 In
796 4167 902 4224 Codice
915 4173 963 4223 τοῦ
977 4170 1053 4241 quod
1068 4169 1175 4233 deerat,

113 4257 162 4320 53.
192 4243 263 4302 cod.
293 4249 431 4319 φιρόμενα,
467 4263 539 4302 corr.
569 4265 601 4302 ex
644 4249 842 4323 suprascripsit
856 4250 980 4305 secunde
994 4268 1105 4306 munus.

73 4324 172 4384 Sexto.
687 4346 734 4401 72.
750 4329 793 4385 cf.
810 4328 889 4386 Sext.
905 4333 931 4399 ς.
951 4344 996 4404 75.

113 4422 162 4482 57.
179 4406 250 4466 Cod.
262 4410 277 4478 ἡ
291 4411 358 4466 πεοὶ.
