2782 4972
83 323 147 384 324
525 312 747 377 ORIGENIS
1159 312 1234 391 Χαγ-

84 481 227 558 σεσθαι·
267 470 310 552 τὸ
335 470 372 549 δὲ
396 478 508 570 σῶμα
531 475 589 550 καί
611 469 679 569 τὴν
703 469 833 578 ψυχὴν
865 477 937 570 τῆς
955 472 1075 573 Ἐδὲμ
1101 507 1193 552 κατα·

85 603 284 695 λείπεσθαι,
304 595 349 695 ἣν
367 600 426 675 καί
444 599 515 696 γῆν
531 594 729 681 Ἰουστῖνος
747 599 768 675 ὁ
787 597 928 702 ἄφρων
946 604 1069 675 καλεῖ.

29 729 77 804 16
142 731 191 806 Οἰ
214 723 431 821 δέΔοκῆται
452 731 598 801 τοιαῦτα
624 720 812 820 λέγουσιν·
843 718 940 801 εἶναι
967 723 1039 803 τὸν
1065 731 1219 826 πρῶτοιῐς

87 852 168 933 θεὸν
196 854 245 935 ῶς
269 848 415 950 σπέρμα
439 853 566 947 συκῆς,
586 851 626 927 ἐκ
652 845 689 925 δὲ
711 847 841 928 τούτου
867 851 1094 949 ἐληλυθέναι
1117 858 1193 952 τρεῖς

87 984 229 1072 αἰῶνας,
249 978 298 1059 ῶς
320 972 363 1054 τδ
390 974 549 1076 πρέμνον
574 976 633 1052 καὶ
656 970 702 1050 τά
720 972 852 1079 φύλλα
878 978 943 1052 καί
961 972 1030 1055 τὸν
1054 973 1191 1076 καρπόν·

88 1102 235 1186 τούτους
258 1099 295 1179 δὲ
316 1099 605 1201 προβεβληκέναι
628 1109 655 1177 λ
678 1103 810 1183 αἰῶνας
835 1099 1016 1180 ἕκαστον·
1046 1102 1191 1199 ἡνῶσθαι

90 1227 126 1307 δὲ
154 1224 281 1311 αὐτοὺς
306 1223 397 1305 κατὰ
422 1224 504 1303 δέκα
530 1223 679 1321 πάντας,
699 1223 812 1322 μόνον
839 1223 880 1302 δὲ
910 1228 1100 1306 διαθέσεσι
1126 1230 1188 1303 δια·

91 1355 209 1460 φέρειν
230 1351 328 1437 τινὰς
348 1358 455 1430 τινῶν
478 1349 653 1453 πρώτους.
715 1357 1020 1452 Προβεβλῆσθαι
1045 1352 1083 1431 δὲ
1105 1356 1218 1431 ‹im-5³

90 1478 190 1581 ράκις
217 1480 382 1579 ἀπείρους
406 1481 548 1572 αἰῶνας,
573 1479 631 1554 καί
658 1473 745 1555 εἰναι
767 1473 853 1560 τοὺς
880 1476 1031 1564 πάντας
1059 1483 1187 1582 α’ρρενο·

91 1603 234 1702 θήλεας.
279 1602 439 1686 Τούτους
456 1600 493 1680 δί
509 1601 821 1701 βουλευσαμένους
840 1605 936 1701 ὁμοῦ
960 1606 1188 1687 συνελθόντας

91 1731 130 1807 ἐκ
160 1738 224 1808 τοῦ
256 1724 373 1826 μέσου
404 1733 543 1824 αἰῶνος,
573 1732 744 1828 γεννῆσαι
770 1728 808 1805 ἐκ
837 1725 1030 1829 παρθένου
1060 1732 1188 1831 Μαρίας

93 1859 241 1956 σωτῆρα
272 1861 345 1934 τῶν
376 1851 534 1950 πάντων,
564 1852 655 1932 κατὰ
685 1849 803 1932 πάντα
833 1851 964 1951 ὅμοιον
992 1860 1047 1961 τῷ
1074 1856 1189 1961 πρῶτα

94 1980 237 2079 σώματι
253 1981 291 2057 ἐν
313 1979 491 2081 σπέρματι
512 1980 641 2086 ἐκείνῳ,
662 1980 700 2056 ἐν
717 1976 834 2084 τοθτιρ
854 1977 890 2056 δέ
912 1981 1067 2079 ἥττονα,
1087 1982 1141 2060 διιί
1155 1982 1219 2073 τὸυ,

94 2106 264 2209 γεννητὸν
282 2104 380 2185 εἰναι·
401 2105 443 2186 τὸ
461 2105 534 2209 γὰρ
550 2102 698 2209 σπέρμα
716 2105 796 2184 ὅθεν
813 2105 837 2202 ἦ
855 2112 973 2205 συκῆ,
990 2106 1187 2209 ἀγέννητον.

88 2232 167 2312 Ἢν
186 2236 248 2312 οὖν
267 2232 309 2313 τὸ
329 2231 425 2335 μίγα
442 2240 515 2313 τῶν
541 2233 679 2312 αἰῶνων
701 2238 781 2338 φῶς
803 2230 907 2329 ὅλον,
931 2235 1104 2334 οὐδεμίαν
1126 2237 1189 2315 ἑπι-

94 2357 282 2461 δεχόμευου
310 2359 507 2458 κόσμησιν,
526 2359 609 2464 ἕχον
632 2360 671 2436 ἐν
693 2359 806 2463 ἑαυτῷ
831 2356 988 2438 πάντων
1012 2368 1087 2440 τῶν
1105 2358 1193 2468 ζῴον

94 2479 199 2565 ἰδίας·
221 2492 328 2563 τοῦτο
353 2487 591 2591 ε’πιφοιτῆσαν
614 2490 661 2569 εἰς
677 2481 719 2564 τὸ
742 2485 976 2582 ὑποκείμενον
998 2485 1090 2591 χάος
1106 2522 1190 2589 παρ·

93 2605 283 2714 εσχηκίναι
313 2612 428 2689 αἰτίαν
455 2617 529 2694 τοῖς
556 2611 726 2711 γεγονόσι
753 2613 810 2689 καὶ
839 2610 937 2708 οὖσι,
970 2612 1136 2708 καταβάν
1160 2640 1227 2697 τεςΟ

94 2736 228 2815 ἀνωθεν
255 2740 356 2814 ἰδεῶν
383 2737 533 2814 αἰωνίων
564 2733 772 2838 ἀπεμάξατο
801 2733 899 2815 κάτω
921 2737 983 2841 (τὸ
1011 2737 1116 2844 χάος)
1136 2738 1192 2822 τὰς

88 2861 248 2969 μορφάς,
299 2863 347 2941 ‘O
375 2860 447 2963 γάρ
474 2863 592 2963 τρίτος
619 2860 705 2940 αἰῶν
733 2859 899 2941 δέαιπδν
922 2864 1192 2965 τριπλασιάσας

93 2992 186 3090 ὁρῶν
214 2987 297 3073 τοὺς
326 2992 554 3093 χαρακτῆρας
580 2991 690 3068 αι’ποῦ
719 2987 857 3072 πάντας
889 2993 1191 3091 κατασπωμὲνους

92 3118 140 3195 εἰς
167 3112 208 3192 τὸ
239 3111 334 3191 κάτω
362 3112 508 3209 σκότος,
536 3115 599 3192 οὐκ
627 3116 769 3214 ἀγνοῶν
792 3112 859 3212 τήν
883 3147 922 3192 τε
948 3125 1018 3195 τοῦ
1046 3115 1191 3198 σκότους

92 3238 273 3338 δεινότητα
313 3243 371 3317 καὶ
406 3238 473 3337 τὴν
507 3250 572 3320 τοῦ
609 3239 730 3346 φωτός
765 3238 990 3346 άφελότητα,
1031 3245 1225 3340 ε’ποιησῑν95

93 3363 258 3466 οὐρανὸν,
289 3369 348 3442 καὶ
379 3361 495 3463 μέσον
525 3363 646 3468 πήξας
675 3366 879 3470 διεχώρισεν
912 3364 1100 3464 ἀναμίσον
1132 3374 1190 3446 τοῦ

92 3489 244 3574 σκότους
273 3495 331 3569 καί
363 3489 547 3589 ἀναμίσον
576 3501 639 3570 τοῦ
668 3490 799 3598 φωτός.
858 3497 1004 3571 Πασῶν
1033 3495 1096 3571 οὖν
1122 3497 1190 3570 τῶν

92 3618 192 3691 ἰδεῶν
215 3625 279 3694 τοῦ
303 3618 423 3719 τρίτου
451 3622 577 3702 αἰῶνος
605 3622 663 3696 καί
688 3614 860 3697 αὐτοῦτὸ
886 3616 1082 3716 ε’κτιίπωμα
1106 3651 1185 3720 κρα·

133 3850 180 3911 75.
196 3837 268 3893 cod.
283 3841 387 3895 δοκῐται.
661 3845 706 3913 τῷ.
748 3839 793 3895 Ex
814 3839 914 3896 ultima
939 3840 1051 3914 syllaba
1070 3859 1131 3897 voc.
1148 3841 1184 3908 ἤν·

132 3918 179 3973 80.
196 3918 297 3974 Malim
311 3920 496 3990 πρωτεύοντας.
661 3943 723 3974 τονα
736 3920 842 3975 factum
857 3928 925 3977 Δῐλ.

82 4064 85 4069 ¹
132 3997 180 4071 85.
198 3998 267 4053 Cod.
290 3999 317 4052 ἐν
340 4002 461 4072 πάρματι.
505 3999 543 4055 Et
567 4018 619 4074 pro
703 4001 750 4056 86.
769 3998 841 4056 cod.
857 3999 995 4072 ἀγέννητον
1011 3998 1082 4057 εἶναι
1120 4001 1183 4056 Cor·

89 4076 174 4150 ἐκιίνῳ
193 4078 267 4133 haud
290 4079 374 4135 dubie
395 4079 547 4153 legendum
569 4103 617 4134 συ·
660 4080 723 4136 rexi
736 4098 772 4136 ex
786 4080 858 4135 libro
870 4078 957 4136 VIII.

88 4156 157 4229 κίνῳ.
201 4157 259 4213 Suo
282 4159 344 4215 loco
364 4159 436 4216 libro
447 4158 538 4215 VIII:
561 4162 617 4215 ὶσο-
701 4178 750 4234 9¹·
775 4160 847 4216 cod.
872 4160 946 4215 ἰδίων
970 4169 1001 4218 et
1022 4160 1182 4232 ἀπεμάξατο

88 4235 198 4305 δόναμον
225 4240 286 4292 κατὰ
316 4244 398 4295 πάντα
428 4239 555 4310 σπέρματι
582 4245 618 4315 τῷ
660 4240 769 4296 Deinde
781 4240 896 4296 turbant
904 4240 1183 4314 νοοαδαλαςδχάοεςῑ

88 4317 192 4404 συκίνη.
659 4321 773 4378 librario
788 4321 877 4377 serius
891 4320 1069 4380 interlineas
1079 4322 1183 4395 scripta

127 4395 164 4448 lb.
181 4395 253 4453 cod.
270 4397 353 4466 ἦττον.
398 4398 500 4455 Malim
515 4404 616 4470 ἥττονα,
700 4400 749 4476 98.
766 4401 838 4458 Cod.
853 4401 935 4457 ἰδίαν.
