2782 4972
97 289 160 352 100
277 279 287 301 “
538 288 754 355 ORIGENIS
1197 286 1246 366 VJ

95 459 159 529 τοῦ
177 446 317 547 κόσμου
339 455 413 533 τοῖς
434 448 632 549 ποιήμασιν
656 452 766 528 αὐτοῦ
791 448 966 548 νοούμενα
991 453 1231 550 καθορᾶταόο

94 576 120 673 ἥ
147 607 184 651 τε
216 572 326 658 ἀΐδιος
353 576 463 654 αὐτοῦ
492 573 721 673 δύναμιςκαὶ
750 575 899 674 θειότης,
925 573 1023 677 πρὸς
1048 572 1092 654 τὸ
1119 569 1195 651 εἶναι

94 697 221 784 αι’ττοὸς
246 699 554 799 ἀναπολογήτους.
614 701 717 781 Διότι
742 701 887 801 γνόντες
911 697 978 780 τὸν
1002 697 1115 796 Θεὸν,
1136 700 1196 802 οῦχ

95 829 142 910 ῶς
174 823 269 905 Θεὸν
300 823 481 927 ἐδόξασαν
510 823 533 924 ἢ
566 828 853 930 ηὐχαρίστησαν,
881 825 970 905 ἄλλ’
999 824 1196 924 ἐματαιιῦθη

94 953 116 1049 ἡ
141 951 313 1035 ἀσύνετος
337 952 454 1029 αι’ττῶν
480 951 619 1053 καρδία·
650 950 853 1058 φάσκοντες
874 948 948 1054 γὰρ
971 947 1065 1030 εἶναι
1089 954 1195 1056 σοφοὶ

93 1075 362 1180 ἐμωράνθησαν,
392 1082 451 1155 καὶ
479 1076 650 1180 ἤλλαξαν
680 1076 746 1177 την
776 1076 888 1181 δόξαν
915 1087 982 1158 τοῦ
1011 1076 1231 1184 ἄφθάρτονος

96 1209 191 1283 Θεοῦ
221 1205 259 1281 ἐν
289 1201 512 1300 ὁμοιῶμασιν
543 1203 674 1289 εἰκόνος
704 1211 867 1311 φθαρτοῦ
898 1203 1110 1306 ἀνθρώπου,
1141 1206 1194 1281 καὶ

94 1337 260 1409 πετεινῶν
278 1334 335 1408 καὶ
360 1330 586 1432 τετραπόδων
603 1334 662 1409 καὶ
688 1332 855 1433 ἑρπετῶν·
884 1327 940 1409 διὸ
957 1332 1021 1408 καὶ
1036 1329 1192 1432 παρέδω-

2 1492 43 1557 29
58 1493 87 1534 v.
96 1489 155 1533 κεν
176 1454 303 1539 αὐτοῦς
321 1459 341 1535 ὁ
360 1454 452 1541 Θεὸς
470 1460 518 1540 είς
539 1454 637 1555 πάθη
661 1457 812 1555 ἀτιμίας·
843 1456 883 1534 αἵ
902 1489 942 1535 τε
962 1453 1040 1558 γὰρ
1062 1456 1192 1556 θήλειαι

95 1583 213 1659 αὐτῶν
240 1579 477 1683 μετήλλαξαν
504 1581 570 1679 τὴν
596 1579 756 1689 φυσικὴν
776 1587 909 1687 χρῆσιν
933 1586 982 1666 εἷς
1005 1580 1077 1680 τὴν
1101 1577 1193 1684 παρῶ

96 1705 245 1813 φόσιν.”
303 1708 354 1786 Τί
378 1707 419 1784 δέ
446 1711 545 1789 ἐστιν
573 1710 595 1806 ἡ
626 1705 763 1816 φυσικὴ
791 1710 866 1788 κατ’
893 1706 1024 1794 αὐτοῦς
1052 1713 1229 1814 χρῆσις,μ

97 1838 248 1936 ὕστερον
272 1836 427 1938 ἐροῦμεν.
479 1847 500 1883 “
510 1837 668 1933 Ὁμοίως
693 1835 730 1914 δέ
752 1841 810 1916 καὶ
832 1840 865 1914 οἱ
889 1835 1034 1938 ἄρρενες
1052 1836 1192 1942 ἀφέντες

95 1963 162 2062 τὴν
188 1961 346 2071 φυσικὴν
373 1967 506 2067 χρῆσιν
535 1967 599 2060 τῆς
628 1964 785 2061 θηλείας,
813 1959 1063 2064 ἐξεκαύθησαν
1090 1966 1128 2042 ἐν
1153 1996 1192 2067 τη

96 2090 210 2194 ὀρέξει
228 2092 345 2168 αὐτῶν
363 2094 411 2173 εἰς
424 2086 624 2187 ἀλλήλους,
641 2089 782 2192 ἄρρενες
798 2090 836 2166 ἐν
851 2086 977 2190 ἄρρεσι
994 2085 1065 2186 τὴν
1079 2091 1190 2194 ἄοχη·

95 2215 259 2314 μοσύνην
277 2213 568 2318 κατεργαζόμενοι
582 2213 839 2318 (ἀσχημοσύνη
857 2213 899 2292 δέ
911 2217 1012 2294 ἐστιν
1030 2216 1056 2313 ἡ
1074 2213 1192 2319 πρῶτη

95 2345 154 2418 καὶ
171 2342 327 2442 μακαρία
345 2342 420 2419 κατ’
433 2338 560 2425 αὐτοῦς
579 2337 852 2444 ἀσχημάτιστος
869 2341 990 2436 οὐσία,
1011 2341 1035 2438 ἡ
1053 2340 1192 2421 πάντων
1200 2368 1228 2431 75

96 2463 294 2570 σχημάτων
325 2472 398 2550 τοῖς
428 2464 743 2570 σχηματιζομένας
775 2466 883 2560 αἰτία)
912 2469 971 2545 καὶ
1000 2464 1070 2564 τὴν
1099 2471 1188 2548 ἄντι·

94 2592 242 2691 μισθίαν
266 2589 311 2689 ἢν
332 2590 398 2670 ἐδει
422 2597 485 2690 τῆς
503 2589 645 2690 πλάνης
663 2592 780 2671 αὐτῶν
804 2594 842 2669 ἐν
861 2593 998 2676 ἑαυτοῖς
1023 2595 1188 2693 ἀπολαμ-

94 2717 298 2813 βάνοντες.”
355 2719 421 2797 Ἐν
450 2716 522 2820 γάρ
553 2716 691 2802 τούτοις
719 2726 792 2803 τοῖς
822 2717 946 2818 λόγως
977 2717 1031 2805 οἷς
1063 2721 1192 2824 εἴρηκεν

95 2849 115 2926 ὁ
136 2853 286 2931 Παῦλος
304 2846 393 2926 ὅλον
412 2847 506 2951 φασὶ
524 2843 738 2949 συνέχεσθαι
761 2843 804 2924 τὸ
831 2841 983 2950 κρύφιον
1002 2849 1122 2927 αῦτῶν
1139 2850 1192 2926 καὶ

96 2972 251 3074 ἄρρητον
287 2975 350 3067 τῆς
389 2970 564 3070 μακαρίας
600 2968 799 3072 μυστήριον
835 2971 975 3069 ἡδονῆς.
1034 2972 1087 3052 Ἡ
1124 2971 1231 3075 γᾶρθο

96 3097 294 3196 ἐπαγγελία
312 3105 376 3174 τοῦ
394 3105 561 3198 λουτροῦ,
583 3097 646 3174 οὐκ
671 3095 772 3195 ἄλλη
790 3098 842 3182 τίς
860 3098 938 3177 ἐστι
956 3098 1032 3176 κατ’
1053 3098 1190 3195 αὐτοὺς,

96 3220 119 3321 ἢ
147 3220 189 3301 τὸ
216 3227 422 3323 εἰσαγαγεῖν
448 3228 495 3308 εἰς
522 3220 589 3320 τὴν
616 3221 820 3325 ἀμάραντον
844 3220 975 3322 ἡδονὴν
1000 3223 1066 3305 τὸν
1086 3224 1190 3306 λουό-

96 3382 202 3447 μενον
230 3349 304 3427 κατ’
329 3347 457 3433 αι’ττοῦς
490 3347 592 3449 ζῶντι
620 3351 732 3445 ὕδατι,
760 3351 817 3428 καὶ
846 3348 1035 3454 χριόμενον
1065 3349 1193 3459 ἄλάλιρ

63 3525 67 3532 ·
96 3476 279 3580 χρίσματι.
332 3477 391 3553 Οῦ
417 3473 528 3572 μόνον
556 3476 585 3551 δ’
606 3477 722 3554 αὐτῶν
748 3477 994 3578 ἐπιμαρτυρεῖν
1021 3482 1119 3584 φασὶ
1145 3483 1193 3583 τῷ

97 3600 199 3707 λόγῳ
215 3599 260 3677 τὰ
273 3601 484 3702 Ἀσσυρίων
498 3600 678 3703 μυστήρια
697 3605 755 3679 καὶ
769 3607 925 3704 Φρυγῶν
942 3605 1024 3705 περὶ
1042 3602 1110 3702 τὴν
1124 3610 1193 3684 τῶν
1201 3618 1231 3693 85

97 3726 298 3828 γεγονότων
330 3728 389 3805 καὶ
416 3725 610 3827 γινομένων
638 3729 696 3805 καὶ
726 3729 906 3827 ἐσομένων
937 3728 988 3809 ἐτι
1017 3733 1194 3835 μακαρίαν

97 3851 318 3954 κρυβομένην
336 3856 425 3949 ὁμοῦ
443 3854 501 3930 καὶ
520 3853 784 3959 φανερουμένην
797 3855 926 3961 φύσιν,
939 3855 984 3953 ἥν
997 3891 1067 3960 περ
1081 3861 1195 3965 φησὶν

139 4117 187 4254 ίζῑ
203 4100 621 4254 ἄδῖᾊῖζδῗξέἵχζῖθῖιι,
707 4128 756 4281 {31
772 4128 1054 4284 ἳῗέζῗὲἴέθῦζα
1083 4209 1123 4283 ο
1152 4218 1195 4268 est

98 4259 146 4334 69.
168 4263 216 4316 καὶ
236 4265 365 4353 χρανῶ
387 4261 437 4315 ἐκεῖ
456 4261 545 4364 δόξαν
566 4262 624 4332 υἱ·
666 4287 815 4346 sMatth.
828 4290 855 4354 6,
868 4308 925 4364 33;
943 4290 1012 4347 Luc.
1027 4292 1135 4365 12.31)
1151 4293 1195 4360 *ν

97 4364 185 4410 (mm.
237 4341 346 4399 Demde
381 4341 445 4398 cod.
479 4351 516 4396 ov
548 4345 625 4412 μόνον
666 4370 743 4427 ends.

97 4423 187 4479 αὐτῶν.
