2782 4972
207 300 270 362 154
650 297 867 364 ORIGENIS
1298 296 1377 361 λ’,ιί

206 462 393 558 πεποίηκα·
423 457 465 539 τὸ
490 468 632 558 πνεῦμα
649 460 723 563 γάρ
744 496 816 559 μου
839 460 1012 540 ἐνδέδεται
1034 467 1086 545 εἷς
1103 458 1193 546 τοὺς
1216 462 1314 563 οὐρο-

209 585 303 683 νοίις,
324 588 383 664 καὶ
409 585 503 664 θέλω
532 584 620 665 αὐτὸ
647 587 884 679 ἀπολαβεῖν.”
932 584 1029 667 Τότε
1056 587 1162 687 λέγει
1183 589 1316 691 αὐτῷὀ

208 713 355 815 ἀγαθὸς,
377 724 398 760 “
412 709 529 791 Οὐδέν
556 712 710 792 δυ’νασαι
738 719 978 813 κακοποιῆσαι
1006 717 1094 817 παρ’
1115 717 1196 814 ἐμοὶ
1221 712 1352 814 rad-⁸0

209 873 324 939 μενος,
336 840 374 916 ἐκ
392 841 510 936 κοινῆς
522 835 596 941 γὰρ
607 838 875 941 εὖαρεσιήσειος
890 840 1086 940 ἐποιήσατε
1100 838 1171 920 τὸν
1184 838 1317 939 κόσμον

211 967 262 1046 σύ
288 1000 326 1046 τε
357 967 417 1044 καὶ
446 963 615 1063 ἡἘδέμ·
659 964 770 1044 έασον
801 967 865 1045 οὖν
890 963 959 1065 τὴν
985 965 1103 1064 Ἐδέμ
1132 967 1227 1071 ἔχειν
1256 965 1316 1064 τὴν

211 1092 328 1171 κτίσιν
355 1088 458 1194 μέχρι
483 1086 667 1181 βούλεται·
703 1087 754 1168 σὺ
781 1088 819 1167 δὲ
845 1091 927 1188 μένε
952 1091 1039 1193 παρ’
1063 1092 1184 1189 ε’μοί.”
1231 1091 1315 1171 Τότε

211 1225 353 1319 γνοῦσα
381 1215 403 1313 ἡ
428 1213 539 1313 Ἐδέμ
567 1215 620 1295 ὅτι
648 1216 923 1297 καταλέλειπται
951 1213 1022 1297 ὑπδ
1050 1225 1120 1296 τοῦ
1148 1217 1313 1315 Ἐλωεὶμ,

212 1349 415 1443 λιπτηθεῖσα
441 1337 674 1444 παρέστησεν
701 1343 818 1497 αἰτῇ
815 1340 899 1428 τοὺς
920 1344 1030 1428 ἰδίους
1056 1345 1243 1446 ἀγγέλους
1264 1346 1351 1437 κοίις

212 1472 393 1571 εὐπρεπῶς
409 1466 611 1567 ἐκόσμησεν
628 1465 769 1566 ἑαυτὴν,
784 1467 818 1546 εἴ
831 1503 910 1554 πως
927 1474 976 1554 είς
992 1471 1191 1570 ἐπιθυμάιν
1207 1470 1316 1551 ἐλθὼν

214 1601 234 1677 ὁ
250 1596 408 1693 Ἐλωειμ
432 1593 588 1699 κατέλθῃ
613 1592 704 1697 πρὸς
727 1594 850 1694 αιἰτήν.
900 1596 967 1680 Ως
987 1594 1026 1674 δέ
1057 1601 1316 1699 κρατηθεις
1271 1634 1317 1705 τη

214 1724 378 1828 αγαθιρ
364 1757 384 1801 ο
403 1719 562 1820 Ἐλωεὶμ
586 1756 644 1800 και
672 1719 784 1800 ουκέτι
809 1725 966 1819 κατῆλθε
988 1756 1083 1880 ηρος
1106 1758 1181 1823 την
1199 1723 1314 1823 Ἐδέμ,

214 1846 484 1953 προσεταξεν
464 1882 486 1944 η
509 1846 691 1946 Ἐδέμ
647 1882 692 1952 τη
721 1844 905 1945 Βάβελ,
879 1881 956 1945 ητις
982 1849 1084 1927 ἐστὶν
1101 1847 1315 1956 Ἀφροδίτη,

215 1979 371 2082 μοιχείας
389 1979 447 2055 καὶ
464 1970 671 2078 χωρισμοὺς
688 1970 816 2073 γάμων
833 1970 1104 2053 κατασκευάσαι
1121 1977 1163 2054 ἐν
1182 1976 1354 2080 ἀνθρώ-9ο

216 2138 309 2201 ποις,
336 2104 394 2183 ίνα
422 2105 470 2186 ώς
497 2098 585 2198 αὐτη
613 2099 827 2204 κεχώρισται
850 2095 923 2178 ἀπὸ
947 2106 1013 2178 τοῦ
1030 2099 1211 2201 Ἐλωεὶμ,
1232 2106 1318 2184 οὕτω

217 2234 275 2309 καὶ
299 2228 342 2310 τὸ
364 2237 428 2309 τοῦ
445 2228 603 2325 Ἐλωεὶμ
623 2224 666 2306 τὸ
694 2224 735 2306 ὃν
762 2228 800 2304 ἐν
827 2230 901 2308 τοῖς
924 2223 1129 2327 ἀνθρώπως
1152 2236 1233 2314 τοῖς
1249 2266 1317 2335 χω·

217 2361 359 2458 ρισμοῖς
395 2360 469 2437 τοῖς
505 2352 675 2437 τοιούτοις
711 2349 948 2452 βασανίζηται
985 2351 1232 2453 λιπτοιίμενον,
1267 2358 1319 2434 καὶ

218 2476 346 2583 παίσῃ]
378 2476 423 2557 τὰ
455 2476 546 2557 αὐτὰ
578 2481 682 2558 ιἠτοῖα
712 2482 770 2557 καὶ
802 2478 824 2574 ἡ
853 2474 963 2575 Ἐδέμ
995 2481 1316 2581 καταλελειρηιένη.

222 2609 294 2687 Καὶ
319 2605 465 2684 δίδωσιν
489 2604 661 2709 ἐξουσίαν
683 2601 834 2703 ἡἘδέμ
855 2601 1019 2704 μεγάλην
1045 2608 1099 2709 τῷ
1123 2608 1238 2714 τρίτῳ
1255 2610 1317 2707 ἀγ
1325 2642 1356 2701 95

220 2733 319 2840 γέλῳ
352 2734 461 2830 αι’ντης
492 2736 544 2838 τῷ
576 2730 693 2828 Νιίας,
723 2731 782 2809 ίνα
811 2726 948 2814 πάσαις
975 2727 1158 2811 κολάσεσι
1188 2731 1320 2837 κολώζη

220 2859 262 2943 τὸ
279 2868 418 2958 πνεῦμα
436 2866 500 2938 τοῦ
516 2857 673 2955 Ἐλώεὶμ
690 2854 733 2936 τὸ
751 2853 793 2935 ὃν
812 2857 850 2933 ἐν
865 2860 940 2939 τοῖς
957 2857 1172 2958 ἀνθρώπως,
1189 2859 1252 2939 ἵνα
1268 2857 1320 2939 διὰ

220 2997 284 3068 τοῦ
308 2985 507 3084 πνεύματος
531 2980 554 3089 ᾖ
579 2980 815 3083 κολαζόμενος
839 2981 1037 3081 ὁἘλωεὶμ
1063 2986 1084 3062 ὁ
1110 2985 1322 3067 καταλιπών

221 3114 320 3217 παρὰ
346 3109 410 3197 τὰς
436 3108 617 3210 συνθήκας
633 3107 698 3193 τὰς
719 3107 909 3208 γενομένας
934 3105 1121 3215 αὐτῷτὴν
1146 3110 1317 3214 σύζυγον.

222 3241 325 3322 Ἰδών
351 3248 463 3321 ταῦτα
491 3241 510 3318 ὁ
536 3233 656 3338 πατὴρ
679 3234 849 3332 Ἑλωεὶμ,
874 3234 1039 3333 ἐκπέμπει
1065 3233 1131 3314 τὸν
1161 3236 1341 3345 Βαροδχ,ι

223 3368 286 3450 τὸν
311 3369 431 3472 τρίτον
455 3366 614 3468 ἄγγελον
636 3368 710 3442 τῶν
732 3362 872 3458 ἑαυτοῦ,
892 3365 941 3445 είς
957 3359 1125 3461 βοήθειαν
1144 3366 1197 3471 τῷ
1216 3366 1320 3445 πνεύ·

130 3508 172 3590 5⁶
188 3528 216 3569 v.
224 3533 309 3597 ρατι
332 3501 384 3603 τῷ
408 3495 482 3575 ὄντι
507 3495 545 3571 ἐν
572 3496 646 3573 τοῖς
673 3485 873 3590 ἀνθρώποις
898 3494 1025 3568 πᾶσιν.
1084 3488 1235 3569 Ἐλθών
1263 3492 1322 3570 οὖν

225 3619 411 3725 ὁΒαροδχ
433 3620 521 3717 έστη
545 3617 700 3722 ἐνμέσῳ
723 3620 796 3694 τῶν
819 3613 986 3715 ἀγγέλων
1012 3618 1076 3713 τῆς
1092 3613 1218 3714 Ἐδέμ,
1239 3652 1319 3697 του·

225 3746 345 3826 τέστιν
370 3747 407 3823 ἐν
434 3743 535 3848 μέσῳ
554 3752 617 3822 τοῦ
641 3739 873 3844 παραδείσου.
936 3737 1163 3844 Παρώδεισος
1190 3740 1265 3845 γὰρ
1292 3748 1322 3823 οἱ
1331 3778 1347 3837 5

226 3873 389 3973 ἄγγελοι,
410 3867 461 3948 ὧν
477 3868 588 3968 μέσος
606 3869 708 3967 έστη,
729 3871 786 3946 καὶ
808 3865 1028 3969 παρήγγειλε
1052 3871 1104 3975 τῷ
1129 3869 1321 3978 ἀνθρώπῳ,

226 4012 247 4046 “
261 3997 357 4078 Ἀπὸ
389 3994 523 4078 παντὸς
556 3990 671 4097 ξύλου
703 4003 767 4073 τοῦ
798 3997 836 4073 ἐν
865 4001 916 4099 τῷ
949 3995 1156 4101 παραδείσῳ
1187 3995 1324 4098 βρώσει

227 4130 367 4232 φαγεῖν,
382 4120 453 4201 ἀπὸ
472 4120 508 4200 δέ
528 4129 591 4199 τοῦ
606 4119 714 4229 [τοῦ]
730 4119 918 4220 γινώσκειν
934 4117 975 4198 τὸ
993 4117 1107 4200 καλὸν
1121 4124 1179 4199 καὶ
1197 4119 1240 4201 τὸ
1253 4156 1322 4202 πο-

270 4310 315 4385 85.
332 4310 401 4385 Leg.
417 4311 486 4377 αὑτῇ.
837 4322 884 4379 93.
900 4305 972 4361 Cod.
988 4308 1159 4374 βασανίζεται.

270 4389 316 4448 88.
332 4395 371 4447 καὶ
385 4390 544 4449 delendum.
839 4386 866 4442 8.
881 4384 988 4442 Addidi
1002 4392 1054 4441 τοῦ.
