2782 4972
226 303 288 365 102
675 300 890 366 ORIGENIS
1328 295 1381 373 VJ.

224 469 354 569 θρίους.
405 465 501 551 Τοὺς
527 467 715 567 πλανήτας
733 467 805 571 γάρ
831 467 987 570 ἀστέρας
1013 468 1107 546 οὕτω
1135 500 1323 570 προσαγο-

224 589 389 692 ρεύουσιν
414 593 702 693 ἀλληγοροῦντες
727 596 786 669 καὶ
810 590 966 692 αἰθρίους
983 599 1194 687 καλοῦντες,
1215 589 1328 674 «abbe

225 718 247 813 ἡ
277 713 486 814 μεταβλητὴ
514 716 654 816 γένεσις
683 714 843 796 ἀπὸτοῦ
876 714 1031 819 ἀρρήτου
1059 718 1120 794 καὶ
1151 714 1325 819 ἀνεξεικο·

226 839 351 916 νίστου
383 839 441 916 καὶ
474 836 684 936 ἀνεννοίγτου
716 842 775 918 καὶ
807 835 974 944 ἀμόρφου
1003 837 1327 992 μεταμορφουμέιπ

225 965 341 1048 κτίσις
360 965 613 1042 ἀναδείκνυται·
635 966 694 1041 καὶ
711 973 817 1044 τοίπο
835 966 914 1044 ἐστὶ
931 961 974 1043 rb
991 962 1189 1066 εἰρημένον,
1205 967 1327 1069 φησὶν,
1338 991 1365 1053 15

224 1092 262 1167 ἐν
279 1123 323 1192 τῃ
307 1090 473 1194 Γραφῇ
496 1089 551 1135 “
535 1086 677 1174 επτσίκις
694 1095 853 1170 πεσεῖται
878 1125 898 1169 ο
885 1090 1054 1172 δίκαιος
1080 1091 1143 1166 καὶ
1168 1088 1325 1186 ἀναστή-

225 1211 351 1291 σεται)
353 1211 588 1292 'Amat
543 1248 615 1317 γαρ
633 1219 669 1291 αἰ
687 1213 855 1310 πτώσεις,
877 1216 1062 1320 φησὶν,
1026 1247 1065 1290 αι
1082 1218 1160 1290 τῶν
1184 1212 1328 1314 ἀστρων

224 1342 436 1437 μεταβολαὶ,
447 1338 527 1419 ’ὑπὸ
552 1349 615 1420 τοῦ
643 1338 762 1421 πάντα
789 1348 969 1424 κινοῦντος
991 1334 1207 1435 κινούμεναι.
1257 1339 1324 1417 Λέ-

223 1498 354 1563 γουσιν
384 1467 446 1544 οὖν
475 1471 555 1568 περὶ
582 1472 646 1566 τῆς
673 1476 737 1546 τοῦ
764 1464 963 1565 πνεύματος
991 1465 1116 1549 οὐσίας
1146 1465 1225 1562 ἥτις
1250 1467 1326 1544 ε’στί

223 1588 368 1669 πάντων
395 1597 468 1669 τῶν
495 1592 692 1690 γινομένων
719 1594 824 1689 αἰτία,
847 1594 900 1672 ὅτι
925 1591 1062 1671 τούτων
1085 1592 1191 1670 ἐστὶν
1216 1587 1362 1685 οιίδὲνμο

223 1720 331 1821 γεννᾷ
352 1714 389 1792 δὲ
413 1719 471 1793 καὶ
493 1724 587 1795 ποιεῖ
607 1716 726 1796 πάντα
749 1716 795 1795 rb
812 1715 992 1817 γινόμενα,
1014 1716 1184 1816 λέγοντες
1202 1719 1320 1799 οὕτως·

226 1854 252 1890 “
266 1844 409 1943 γίνομαι
427 1843 447 1924 b
465 1844 561 1923 θέλω
579 1849 636 1922 καί
660 1849 728 1943 εἰμὶ
755 1845 775 1925 b
796 1847 879 1947 εἰμί,
901 1840 959 1922 διά
984 1852 1092 1923 τοῦτο
1118 1848 1230 1949 φημὶ,
1250 1845 1321 1922 ἀκί-

225 2002 332 2067 νητον
349 1967 435 2048 εἶναι
457 1968 499 2049 rb
522 1968 641 2050 πάντα
663 1979 793 2049 κινοῦν.
845 1969 955 2048 Μένει
974 1973 1046 2071 γὰρ
1066 1968 1186 2048 ὅέστι
1202 1977 1323 2048 ποιοῦν

129 2121 172 2186 30
187 2125 215 2165 v·
225 2092 270 2173 rb
296 2093 415 2175 πάντα
438 2097 495 2173 καί
522 2095 622 2174 οὐδὲν
647 2101 720 2173 τῶν
744 2094 940 2195 γινομένων
966 2095 1134 2195 γίνεται.”
1187 2100 1323 2174 Τοῦτον

223 2216 309 2296 εἶναι
331 2224 447 2324 φησὶν
474 2218 610 2321 ἀγαθὸν
628 2218 748 2318 μόνον.
808 2224 881 2300 Καὶ
906 2223 986 2324 περὶ
1009 2218 1139 2299 τοάι-ου
1158 2218 1357 2323 λελέχθαιες

222 2343 264 2424 rb
285 2342 354 2423 ὑπὸ
373 2354 437 2423 τοῦ
457 2351 624 2448 Σωτῆρος
642 2345 851 2448 λεγόμενον,
868 2358 888 2394 “
901 2349 951 2427 Τί
965 2380 1009 2445 με
1027 2347 1144 2447 λε’γεις
1162 2345 1318 2447 &rabbu

221 2467 268 2553 εἷς
296 2471 396 2547 ἐστὶν
426 2469 561 2570 ἀγαθὸς
589 2476 609 2551 ὁ
634 2472 754 2575 παι-ἦρ
782 2507 851 2570 μου
879 2475 899 2552 ὃ
923 2474 960 2551 ἐν
987 2478 1060 2557 τοῖς
1088 2469 1321 2575 οὖρανοῖς,δς

221 2597 386 2672 ἀνατελεῖ
399 2593 463 2675 τὸν
486 2597 590 2694 ἥλιον
615 2602 724 2678 αὑτοῦ
746 2601 802 2678 ἐπὶ
828 2600 980 2683 δικαίους
1005 2601 1063 2677 καὶ
1089 2599 1249 2696 ἀδίκους,
1269 2599 1321 2675 κοί

221 2721 341 2826 βρέχει
358 2724 414 2802 ἐπὶ
433 2724 554 2809 ὁσίους
573 2728 630 2802 καὶ
656 2724 926 2826 ἀμαρτωλοός.”
985 2725 1088 2808 Τίνες
1113 2724 1156 2802 δέ
1177 2729 1271 2804 εἰσιν
1292 2727 1321 2800 οἰ

223 2848 316 2928 ὅσιοι
343 2847 394 2933 οἷς
419 2849 539 2952 βρέχει
566 2851 625 2927 καὶ
648 2854 680 2927 οἰ
708 2852 915 2952 ἁμαρτωλοὶ
939 2848 991 2934 οἷς
1017 2853 1036 2928 ὁ
1061 2848 1168 2935 αὐτὸς
1192 2849 1318 2954 βρέχει,
1327 2885 1360 2943 30

222 2979 280 3052 καὶ
311 2984 419 3055 τοῦτο
455 2972 543 3072 μετά
580 2981 654 3054 τῶν
686 2974 814 3054 ἀλλων
847 2978 998 3079 ὕστερον
1030 2977 1190 3077 ἐροῦμεν.
1254 2977 1321 3054 Καὶ

221 3100 314 3179 τοῦτ’
341 3097 426 3178 εἷναι
454 3098 496 3179 rb
523 3100 615 3201 με’γα
642 3105 700 3180 καὶ
728 3101 879 3208 κριίφιον
906 3110 979 3182 τῶν
1008 3102 1105 3182 ὅλων
1133 3103 1322 3202 ἄγνωστον

221 3226 432 3330 μυστήριον,
470 3224 569 3331 παρά
605 3233 679 3312 τοῖς
718 3231 926 3329 Αἰγυπτίοις
962 3227 1233 3327 κεκαλυμμένον
1268 3231 1322 3307 καὶ

221 3351 566 3451 ἀνακεκαλυμμένον.
626 3354 753 3437 Οὐδεὶς
781 3350 866 3455 γάρ,
897 3359 1026 3460 φησὶν,
1056 3355 1158 3434 ε’στίν
1184 3355 1224 3432 ἐν
1254 3354 1322 3457 ναῷ

221 3477 383 3579 πρὸτῆς
409 3477 563 3557 εἰσόδου·
595 3482 662 3582 οὐχ
688 3478 814 3578 ἕστηκε
838 3478 977 3579 γυμνόν
1001 3478 1043 3559 rb
1069 3482 1320 3582 κεκρυμμένον,
1329 3514 1359 3570 35

222 3602 378 3682 κάτωθεν
406 3603 480 3681 ἀνω
507 3604 646 3696 βλέπον
674 3609 732 3684 καί
759 3603 896 3690 πάντας
923 3607 1032 3685 abror)
1058 3602 1143 3690 τοὺς
1169 3602 1323 3708 καρποὺς

222 3736 294 3807 τῶν
313 3726 506 3829 γινομένων
533 3729 833 3833 στεφανούμενον·
864 3729 1011 3811 ἑστάναι
1031 3727 1068 3809 δὲ
1092 3733 1135 3810 οιί
1158 3733 1272 3830 μόνον
1288 3732 1323 3808 ἐν

269 3938 311 3992 ¹3·
341 3921 412 3978 Cod.
436 3923 630 3994 ἀνεξιχνιάστου
657 3933 687 3981 et
715 3944 750 3981 ex
791 3925 839 3980 ubi
853 3933 930 3982 recte
948 3925 1090 3991 ἀνατελλει,
1105 3935 1138 3982 ut
1151 3925 1200 3983 hic
1214 3943 1322 4000 quoque

223 4019 298 4057 corr.
313 4002 521 4070 ἀκεεαονίστου.
791 4004 952 4079 legendum.

271 4082 312 4136 16.
328 4080 438 4139 S.Luc.
458 4097 503 4157 17,
516 4099 545 4153 4.
833 4101 881 4156 32.
899 4085 1034 4141 Fortu&
1046 4086 1190 4158 ἄγνωστον.

267 4162 516 4235 22.Ex0d.3.14.
546 4161 603 4220 Sed
613 4163 752 4220 vocubula
833 4180 882 4238 35.
909 4165 987 4222 Fort.
1010 4165 1067 4240 leg.
1089 4164 1122 4220 οὗ
1147 4164 1225 4240 quod
1250 4164 1321 4221 male

222 4244 322 4314 γίνομαι
339 4242 353 4297 δ
371 4241 440 4298 θέλω
459 4242 581 4317 gnostici
604 4243 750 4316 cujusdam
791 4242 896 4299 librarii
918 4264 970 4319 pro
994 4247 1024 4299 οὐ
1049 4252 1221 4319 acceperunt
1242 4252 1272 4301 et
1293 4244 1321 4300 in

223 4321 446 4380 additamentum
462 4342 524 4379 esse
537 4323 677 4380 videntur.
791 4325 839 4395 οὐχ
862 4324 898 4380 ob
920 4344 1019 4383 vocem
1041 4333 1206 4400 sequentem
1229 4332 1319 4381 muta·

267 4402 312 4459 26.
336 4401 595 4479 S.Matth.19,17
616 4413 646 4460 et
660 4419 688 4478 5,
700 4418 749 4476 45.
792 4412 902 4459 verunt.
