2782 4972
122 316 188 388 296
567 308 786 374 ORIGENIS
1162 308 1218 372 lx.
1231 310 1282 371 16-

124 482 256 572 αὐτῶν,
277 477 336 553 καὶ
359 471 410 571 μὴ
434 468 619 570 βαπτίζετε
645 470 760 572 ἄνδρα
778 468 801 567 ή
820 475 978 569 γυναῖκα
1004 472 1044 549 ἐν
1060 476 1137 554 ταῖς
1153 466 1225 567 ἠμί·

126 640 204 709 ραις
222 607 285 700 τῆς
303 597 470 703 ἐξουσίας
487 600 618 693 αὐτῶν,
641 595 777 675 ὑπάταν
795 596 1051 699 διαπορεύηται
1067 594 1113 700 ἐξ
1124 598 1259 680 αὐτῶναι

127 731 149 828 ή
182 725 320 826 σελήνη
353 727 410 802 καὶ
447 721 622 825 συνοδεύῃ
654 724 786 805 αὐτοῖς.
847 719 975 819 Αὐτὴν
1007 719 1075 820 τήν
1107 718 1228 822 ἡμέραν

130 851 372 961 φυλάσσεσθε
403 850 468 933 ἕως
496 848 538 926 οὗ
569 847 791 951 ε’κποραίεται
822 848 884 927 ἀπ’
910 849 1047 945 αὐτῶν,
1076 852 1134 926 καὶ
1161 845 1229 926 τότε

130 975 314 1077 βαπτίζετε
332 982 391 1055 καὶ
408 973 600 1080 ἐνάρχεσθε
616 975 654 1052 ἐν
670 972 774 1078 ποία-η
793 976 890 1079 ἀρχῇ
906 980 983 1053 τῶν
999 974 1115 1077 ἔργων
1131 977 1228 1072 ὑμῶν.

124 1102 210 1182 Ἔτι
243 1099 279 1179 δὲ
310 1099 485 1200 τιμήσατε
515 1096 582 1198 τήν
613 1095 748 1201 ἡμέραν
782 1108 847 1177 τοῦ
881 1098 1095 1197 σαββάτου,
1124 1096 1229 1195 ἐπειδὴ

131 1229 231 1308 ἔστιν
248 1224 362 1330 ήμὲρα
379 1228 443 1325 μία
459 1224 504 1330 ἐξ
519 1228 647 1304 αὐτῶν.
690 1224 816 1304 Ἀλλὰ
833 1229 894 1304 καὶ
912 1222 982 1324 τήν
999 1227 1124 1330 τρίτην
1140 1232 1248 1318 ‹rab-¹

25 1368 85 1432 118
98 1389 123 1431 r.
131 1352 247 1448 βάτου
280 1352 401 1437 πύλας
432 1352 579 1431 ἔσεσθαι
614 1347 664 1448 μὴ
699 1348 936 1455 κατάρχεσθε,
973 1348 1095 1450 ἐπειδὴ
1129 1349 1231 1430 πάλιν

132 1474 393 1579 πληρουμένων
425 1485 533 1581 τριῶν
564 1480 653 1556 ε’τῶν
680 1483 860 1578 Τραῖανοῦ
895 1479 1102 1580 Καίσαρος,
1130 1476 1230 1583 ἇφότε

134 1599 285 1704 ὑπέταξε
303 1604 342 1680 ἐκ
359 1611 425 1681 τοῦ
442 1607 506 1701 τῆς
524 1600 690 1706 ἐξουσίας
703 1611 767 1681 τοῦ
788 1600 953 1703 Πάρθου,
969 1602 1033 1681 ὅτε
1051 1600 1229 1703 ε’πληρύθη

133 1728 214 1830 τρία
245 1727 318 1826 ἔτη,
349 1726 525 1830 ἀγρίζεται
556 1731 576 1807 ὁ
606 1725 764 1826 πόλεμος
794 1726 933 1830 μεταξὺ
964 1735 1043 1807 τῶν
1076 1730 1230 1828 ἀγγέλων
1235 1758 1250 1819 5

135 1861 198 1955 τῆς
216 1858 382 1951 ἀσεβείας
399 1863 472 1935 τῶν
490 1856 640 1959 ἄρκτων,
654 1854 712 1933 διὰ
728 1862 836 1933 τοῦτο
853 1854 1111 1956 ταράσσονται
1127 1860 1230 1934 πᾶσαι

135 1989 319 2076 βασιλεῖαι
337 1986 401 2081 τῆς
419 1984 596 2077 ἀσεβείας.

79 2133 125 2211 17
193 2115 318 2188 Ταῦτα
350 2111 468 2188 τοίνυν
500 2107 546 2187 τά
575 2106 718 2209 μεγάλα
749 2110 808 2185 καὶ
839 2105 1033 2212 ἀπόρρητα
1063 2107 1231 2211 μυστήρια

136 2235 275 2333 ἄλογον
294 2233 490 2334 ἡγούμενος
508 2239 801 2330 καταπατεῖσθαι,
821 2231 844 2331 ἢ
866 2238 915 2317 εὶς
936 2233 1108 2320 πολλοὺς
1124 2268 1229 2337 παρα·

137 2359 313 2452 δίδοσθαι,
337 2358 577 2455 συμβουλεύει
605 2362 653 2445 ὡς
679 2366 888 2443 πολυτελεῖς
914 2361 1143 2462 μαργαρίτας
1168 2365 1269 2464 φυ·ιο

135 2479 292 2560 λάσσειν
318 2484 410 2562 οὕτω
437 2484 567 2584 λέγων·
598 2482 793 2565 Τοῦτονδέ
816 2482 1017 2585 τὸνλόγον
1041 2484 1094 2584 μή
1117 2488 1231 2584 ἀναγι-

137 2607 290 2689 νώσκετε
326 2617 440 2690 πᾶσιν
477 2612 690 2715 ἀνθρώποις,
729 2616 786 2690 καὶ
822 2607 956 2694 ταύτας
991 2610 1060 2696 τὰς
1097 2608 1232 2692 ἐντολὰς

137 2734 326 2842 φυλάξατε
353 2741 539 2838 ἐπιμελῶς,
561 2740 614 2820 ὅτι
639 2742 680 2818 ού
704 2739 833 2823 πάντες
857 2738 984 2840 ἄνδρες
1008 2742 1136 2819 πιστοὶ
1161 2735 1231 2815 οὐδὲ

136 2872 253 2943 πᾶσαι
272 2872 433 2965 γυναῖκες
454 2867 567 2968 ὀρθαί·
595 2875 708 2945 ταῦτα
733 2863 769 2944 δὲ
792 2865 870 2944 οὐδὲ
892 2867 1105 2965 Αἰγυπτίων
1128 2862 1230 2966 σοφοὶ

136 2994 174 3069 ἐν
202 2991 342 3077 ἀδύτοις
368 2991 569 3098 ἐχώρησαν,
597 2991 677 3071 οὐδὲ
705 2996 724 3072 ὁ
751 2990 870 3099 σοφδς
886 2990 1086 3090 Ἑλλήνων
1116 2994 1228 3070 Πυθα·
1241 3011 1266 3070 ¹5

137 3117 248 3219 γόρας
273 3119 466 3223 ἐχώρησεν.
516 3123 561 3197 El
586 3116 659 3220 γὰρ
683 3117 860 3222 τετυχήκει
884 3116 961 3196 κατ’
981 3119 1093 3196 ε’κεῖυο
1120 3122 1232 3217 καιροῦ

136 3244 333 3348 Ἠλχασαί
350 3280 417 3341 τις,
439 3242 577 3345 ἀνάγκη
598 3243 818 3347 Πυθαγόραν
839 3242 861 3343 ή
885 3247 1019 3342 Θαλῆν
1041 3240 1066 3341 ἢ
1089 3240 1233 3322 Σόλωνα

136 3368 158 3469 ή
188 3370 250 3450 τὸν
276 3371 396 3478 σοφὸν
424 3368 661 3469 Πλάτωνα,ή
691 3375 749 3450 καὶ
772 3368 855 3454 τοὺς
878 3366 1028 3453 λοιποὺς
1045 3367 1233 3468 Ἑλλήνων

138 3494 279 3601 σοφούς
296 3496 501 3596 μαθητεύειν
522 3499 728 3598 Αἰγυπτίων
754 3502 903 3599 ἱερεῦσιν
929 3495 1054 3601 ἔχουσι
1079 3493 1145 3594 τήν
1163 3529 1231 3573 τοι·

138 3623 248 3719 αύτηυ
277 3627 334 3700 καὶ
366 3622 548 3722 τοσαύτην
576 3626 714 3730 σοφίαν
745 3622 845 3727 παρὰ
871 3619 1105 3726 Ἀλκιβιάδῃ,
1135 3618 1159 3700 ἃ
1187 3623 1271 3724 τῷ20

138 3745 422 3854 θαυμασιωτάτῳ
439 3751 582 3850 ἑρμηνεῖ
595 3758 660 3828 τοῦ
679 3748 857 3848 δυστήνου
875 3748 1083 3853 Ἡλχασαΐ.
1136 3751 1236 3828 Δοκεῖ

180 3970 199 4026 9
200 3963 227 4027 5.
244 3951 316 4008 Cod.
332 3952 513 4024 διαπορεύεται.
711 3954 800 4026 κάτον]
818 3956 863 4023 τῆς
876 3954 996 4022 ἔξουσίας
1010 3956 1056 4008 τὸν
1068 3954 1181 4025 Πόρθυν.

184 4052 206 4088 ι.
220 4033 378 4089 Literarum
389 4033 418 4101 ἐξ
431 4035 462 4088 αὐ
474 4034 594 4108 vestigia
605 4043 667 4090 tan·
752 4050 781 4107 5.
798 4033 870 4090 Cod.
885 4034 1042 4106 ἇγγρίζεται.

139 4122 201 4169 tum
216 4121 374 4187 supersunt.
753 4114 780 4168 8.
793 4114 1059 4185 λὀοιιιατὰμιγιιλα
1068 4112 1166 4170 tenuia
1175 4116 1235 4167 sunt

183 4213 209 4250 2.
226 4195 280 4249 Pro
298 4194 381 4251 πύλας
398 4195 505 4250 ἔσεσθαι
522 4194 666 4269 corrigen·
709 4195 840 4268 vestigia.

139 4273 206 4329 dum
221 4274 333 4330 videtur
346 4277 530 4346 φυλάσσεσθε.
754 4289 796 4350 17.
813 4274 885 4332 Cod.
900 4273 1007 4344 θαλλήν.

179 4353 217 4410 ib.
233 4355 310 4410 Fort.
327 4356 508 4427 κατάρχεσθαι.
750 4374 796 4412 20.
812 4354 972 4413 Delendum
986 4356 1012 4409 ἃ.

179 4452 207 4502 4.
225 4435 302 4490 Fort.
319 4436 441 4502 ὑπέταξεν
458 4436 531 4489 ἕκτου
552 4433 604 4505 [καὶ
622 4436 663 4489 δε-
