2782 4972
223 280 243 340 2
661 276 877 340 ORIGENIS

223 436 286 517 δδν
322 440 482 517 ἐναντίαν
519 436 631 541 δόξαν
666 445 781 518 πᾶσιν
817 439 1052 543 ἐπεχείρησεν.
1115 436 1275 540 Πύρρων
1305 439 1323 514 ὁ

221 565 465 665 Ἀκαδήμειος·
513 565 615 650 οὗτος
643 567 900 672 ἀκαταληψίαν
927 572 1000 644 τῶν
1032 562 1179 644 πάντων
1209 565 1320 665 λέγει·

224 697 433 798 Βραχμᾶνες
466 697 498 770 οῖ
526 693 564 769 ἐν
587 692 725 787 Ἰνδοῖς,
754 690 905 794 Δρυΐδαι
936 697 969 771 οῖ
999 694 1037 770 ἐν
1069 698 1235 789 Κελτοῖς,
1267 694 1325 770 καὶ

221 819 408 902 Ἡσίοδος.

609 1056 929 1132 ΠΡΟΟΙΜΙΟΝ.
1334 1073 1366 1111 ²0

279 1228 419 1307 Οὐδένα
444 1235 559 1327 μῦθον
582 1235 656 1307 τῶν
679 1229 763 1331 παρ’
783 1229 939 1327 έλλησιν
962 1225 1230 1325 ὠνομασμένων
1252 1260 1323 1309 πα-

221 1353 415 1456 ραιτητέον.
449 1352 574 1434 Πιστά
588 1354 660 1458 γάρ
678 1358 736 1433 καὶ
754 1353 800 1435 τά
814 1355 1007 1435 ἀοπῖστατα
1024 1355 1142 1432 αὐτῶν
1159 1350 1323 1453 δόγματα

183 1524 185 1528 ⁴
221 1481 382 1582 ἡγητέον,
405 1479 461 1559 διὰ
479 1479 545 1578 τήν
564 1479 871 1583 ὑπερβάλλουσαν
887 1489 960 1560 τῶν
977 1485 1159 1584 αἱρετικῶν
1176 1481 1319 1578 μανίαν,

223 1606 256 1686 οῖ
285 1606 342 1686 διά
371 1617 435 1687 τοῦ
461 1612 605 1712 σιωπᾷν
623 1607 860 1710 ἀποκρύπτειν
884 1642 924 1687 τε
949 1605 995 1686 τά
1022 1607 1160 1709 ἀρρητα
1186 1608 1323 1685 ἑαυτῶν

221 1733 414 1837 μυστήρια,
448 1734 694 1833 ἐνομίσθησαν
722 1741 877 1819 πολλοῖς
906 1733 987 1814 θεὸν
1017 1733 1150 1830 σέβειν,
1182 1729 1234 1812 ὧν
1263 1737 1366 1814 καδ25

220 1858 336 1941 πάλαι
363 1864 511 1965 μετρίως
534 1860 581 1940 τὰ
607 1859 769 1961 δόγματα
796 1858 992 1964 ἐξεθέμεθα,
1015 1863 1056 1939 οὐ
1073 1858 1165 1939 κατά
1186 1858 1324 1940 λεπτδν

220 1987 464 2093 ἐπιδείξαντες,
494 1987 595 2068 ἀλλά
619 1990 821 2091 ἁδρομερῶς
844 1986 1066 2091 ἐλέγξοντες,
1095 1985 1145 2086 μή
1172 1971 1335 2092 ἀνάξιον

220 2114 442 2218 ήγησάμενοι
467 2116 514 2195 τά
540 2115 678 2218 ἀρρητα
705 2118 822 2195 αὐτῶν
839 2121 887 2200 εἶς
914 2124 992 2224 φῶς
1020 2117 1131 2217 ἀγειν,
1152 2115 1252 2201 ὅπως
1279 2118 1323 2196 δι’

221 2241 439 2343 αἰνιγμάτων
456 2243 557 2340 ἡμῶν
573 2242 763 2341 ε’κθεμένων
780 2242 826 2321 τά
851 2242 1008 2346 δόξαντα
1029 2245 1148 2327 αὐτοῖς
1166 2247 1320 2350 αῖσχυν-

220 2367 349 2464 θέντες,
378 2368 515 2468 μήποτε
548 2372 606 2447 καὶ
634 2365 680 2446 τά
708 2368 846 2473 ἄρρητα
872 2367 1066 2474 ἐξειπόντες
1094 2369 1217 2455 ἀθέους
1243 2373 1370 2452 ἐπι-3ο

220 2491 401 2596 δείξωμεν,
435 2493 649 2575 παθσωνταί
681 2531 716 2575 τι
749 2501 814 2594 τῆς
846 2497 1047 2597 ἀλογίστου
1079 2494 1225 2597 γνώμης
1264 2503 1324 2577 καὶ

220 2621 384 2719 ἀθεμίτου
408 2622 667 2729 ἐπιχειρήσεως.
707 2623 817 2702 Ἀλλ’
850 2626 922 2703 ἐπεὶ
956 2627 1026 2727 ὁρῶ
1054 2621 1104 2722 μὴ
1129 2627 1321 2705 δυσωπου-

219 2747 344 2847 μένους
371 2747 499 2835 αὐτοὺς
526 2747 592 2846 τήν
615 2748 785 2852 ἡμετέραν
809 2750 989 2830 ἐπιείκειαν
1014 2748 1103 2849 μήτε
1130 2749 1321 2850 λογιζομέ-

220 2909 314 2971 νους,
336 2879 383 2960 ὡς
406 2875 484 2959 θεὸς
511 2882 732 2979 μακροθυμεῖ
756 2877 813 2955 ὑπ’
834 2878 952 2955 αι’ντῶν
973 2876 1322 2983 βλασφημούμενος,

219 3000 316 3084 ἀπως
343 2999 365 3099 ἢ
394 3001 612 3087 αἰδεσθέντες
641 3000 930 3102 μετανοήσωσιν,
959 2999 981 3101 ἢ
1006 3003 1238 3102 ἐπιμείναντες
1267 3008 1321 3083 δι·
1333 3024 1370 3088 35

220 3128 326 3212 καίως
366 3134 529 3230 κριθῶσι,
568 3130 734 3222 βιασθεὶς
769 3116 921 3231 πρόειμι,
961 3126 1086 3232 δείξων
1123 3131 1240 3209 αὐτῶν
1276 3131 1325 3212 τά

219 3249 405 3356 ἀπόρρητα
432 3252 626 3356 μυστήρια,
656 3252 680 3332 ἃ
706 3260 781 3337 τοῖς
807 3254 1014 3353 μυουμένοις
1045 3252 1134 3354 μετά
1159 3252 1326 3356 μεγάλης

219 3378 447 3484 ἀξιοπιστίας
465 3378 738 3484 παραδιδόασιν,
760 3382 801 3460 οὐ
818 3378 993 3485 πρότερον
1011 3382 1321 3482 ὁμολογήσαντες,

218 3512 247 3585 εὶ
264 3506 314 3607 μή
333 3507 397 3589 τὸν
414 3517 575 3588 τοιοῖντον
593 3508 850 3589 δονλῶσωνται
868 3507 987 3617 χρόνῳ
1011 3507 1325 3612 ἀνακρεμάσαντες

220 3638 278 3714 καὶ
295 3634 525 3742 βλάσφημον
543 3632 634 3737 πρὸς
651 3632 716 3714 τδν
735 3634 845 3719 ὅντως
860 3633 956 3715 Θεδν
974 3633 1321 3734 κατασκευάσαντες,
1333 3676 1374 3730 40

218 3765 277 3841 καὶ
306 3762 485 3867 περιεργίᾳ
518 3759 734 3866 γλιχόμενον
765 3764 829 3858 τῆς
858 3762 1075 3862 ἐπαγγελίας
1104 3761 1221 3841 ἴδωσι·
1263 3767 1324 3842 καὶ

217 3884 298 3968 τότε
319 3886 575 3989 δοκιμάσαντες
602 3887 750 3985 δέσμιον
768 3883 854 3966 εἶναι
875 3891 942 3997 Ιτῆς
967 3890 1153 3992 ἁμαρτίας,
1173 3898 1321 3988 μνοῦσι,

264 4177 308 4238 17.
324 4163 512 4234 δἈκαδήμειος
526 4163 561 4220 de
575 4164 650 4238 conj.
665 4167 680 4218 ό
696 4172 747 4218 Κα-
830 4181 877 4237 31.
891 4168 936 4235 τῆς
949 4166 1068 4237 ἀθεμίτου
1080 4170 1181 4239 γνώμης
1201 4169 1242 4220 καί
1258 4167 1322 4222 α’λό-

220 4244 308 4314 δήμιος
320 4243 422 4301 Ottob.
437 4244 518 4301 Med.
534 4246 655 4312 Καδίμιος
664 4243 747 4300 Taur.
788 4267 836 4316 γον
849 4245 1041 4317 ἐπιχειρήσεως.
1056 4246 1138 4302 Taur.

220 4323 364 4381 Edebatur
376 4329 391 4380 ό
404 4325 550 4395 Ἀκάδημος.
831 4342 878 4401 39.
892 4331 986 4397 χρόνον
1000 4326 1106 4384 Medic.

262 4421 308 4480 ²7·
323 4407 358 4477 pv)
368 4407 399 4461 ἂν
407 4406 478 4475 ἀξιον
488 4405 600 4463 codices
611 4405 771 4479 depravate.
