2782 4972
147 308 213 375 264
589 300 809 368 ORIGENIS
1173 298 1295 378 vmq-

890 471 900 497 9
981 470 993 497 Ι
1050 469 1105 499 ”U
1197 477 1212 493 Α

148 477 272 582 εἴρηκε,
288 477 414 580 φησὶν,
428 484 449 520 “
459 474 508 552 ‘O
522 470 614 576 ἔχων
626 468 702 551 ὦτα
719 470 861 550 ἀκούειν
878 504 1051 567 ακουετω,
1085 504 1138 549 στι
1151 502 1247 548 ταντα

152 606 215 684 οὐκ
234 602 313 682 ἔστι
329 598 473 683 πάντως
489 597 716 697 ἀκούσματα.
776 599 892 678 Οὗτοι
918 596 1057 684 πάντες
1082 602 1116 676 οἰ
1143 601 1248 677 αἰῶνες

153 730 247 810 οἵτε
267 733 358 830 τρεῖς
379 728 438 805 καί
465 729 499 804 οἱ
520 723 581 805 ἀπ’
601 726 719 803 αὐτῶν
743 722 926 826 ἀπειράκις
952 724 1095 826 ἀπειροι
1120 721 1248 813 πάντα,

151 856 243 936 εἰσίν
261 858 382 936 αἰῶνες
400 849 673 954 ἀρσενοθῆλυες.
734 847 960 952 Αύξηθὲντες
978 850 1045 928 οὖν
1068 854 1130 927 καί
1152 881 1248 946 μεγα-

153 979 340 1063 λυνθέντες
368 981 426 1057 καί
457 977 637 1078 γενόμενοι
670 976 766 1055 οὗτοι
792 973 923 1059 πάντες
952 974 1001 1079 ἐξ
1028 974 1109 1060 ἑνὸς
1137 977 1281 1053 ἐκείνουιι

153 1114 218 1186 τοῦ
241 1104 387 1207 πρώτου
410 1103 618 1207 σπέρματος
640 1107 706 1201 τῆς
729 1103 946 1207 συμφωνίας
974 1104 1099 1182 αι’ντῶν
1121 1106 1252 1199 καὶτῆς

153 1229 316 1330 ένότητος
344 1235 377 1308 οἰ
404 1227 534 1314 πάντες
560 1233 607 1313 εἰς
633 1228 694 1307 ἕνα
722 1231 812 1328 ὁμοῦ
837 1225 1028 1328 γενόμενοι
1055 1234 1182 1326 αἰῶνα,
1199 1229 1253 1307 τὸν

152 1354 269 1456 μέσον
294 1358 413 1435 αι’πῶν
440 1352 599 1457 γέννημα
629 1353 747 1434 κοινὸν
774 1359 808 1433 οἱ
833 1352 969 1439 πάντες
998 1353 1200 1456 ἐγέννησαν
1222 1356 1254 1430 ἐκ

153 1478 332 1585 παρθένου
354 1488 449 1579 μιᾶς,
470 1479 534 1561 τὸν
557 1482 594 1558 ε’ν
617 1478 788 1580 μεσάτητι
815 1480 965 1582 Μαρίας
990 1485 1147 1584 σωτῆρα
1172 1478 1251 1559 πάν·

153 1643 240 1704 των,
261 1607 481 1706 ἰσοδύναμον
506 1607 597 1686 κατὰ
618 1604 737 1687 πάντα
760 1609 811 1713 τῷ
829 1603 1019 1709 σπέρματι
1039 1613 1094 1713 τῷ
1115 1608 1281 1712 σνκύιιρ,85

152 1732 253 1831 πλὴν
281 1733 334 1814 ὅτι
358 1732 506 1836 γενητὸς
533 1734 648 1818 οὗτος·
678 1732 720 1813 τὸ
746 1731 782 1810 δὲ
806 1740 953 1836 πρῶτον
978 1732 1136 1837 σπέρμα
1158 1737 1252 1813 ἐκεῖνο

155 1862 235 1942 ὅθεν
259 1857 406 1964 γέγονεν
432 1862 454 1959 ἡ
478 1865 573 1959 συκῆ
596 1863 697 1940 ἐστιν
718 1856 904 1961 ἀγένητον.
968 1858 1253 1961 Κεκοσμημένων

156 1990 219 2068 οὖν
237 1996 309 2069 τῶν
324 1994 431 2092 τριῶν
449 1985 587 2065 αἰώνων
604 1987 742 2065 ἐκείνων
758 1982 969 2088 παναρέτως
989 1991 1052 2067 καὶ
1068 1990 1251 2088 παναγίως,

156 2118 205 2199 ὡς
229 2118 398 2193 δοκοῦσιν
425 2113 521 2193 οὗτοι
549 2110 787 2207 διδάσκοντες,
807 2114 865 2191 καί
889 2121 955 2192 τοῦ
979 2114 1115 2199 παιδὸς
1135 2117 1251 2193 ἐκείνου

154 2250 219 2320 τοῦ
240 2248 468 2339 μονογενοῦς,
489 2235 632 2341 (γέγονε
650 2239 721 2342 γὰρ
738 2237 846 2337 μάνος
862 2246 937 2324 τοῖς
954 2243 1119 2345 ἀπείρως
1135 2248 1281 2328 αιίἰσινςο

155 2367 192 2443 ἐκ
210 2373 403 2467 τριγενοῦς·
430 2372 523 2466 τρεῖς
541 2364 613 2468 γάρ
631 2364 738 2446 αὐτὸν
755 2362 954 2467 ἐγέννησαν
972 2371 1249 2476 ὁμοφρονοῦντες

155 2496 277 2574 αἰῶνες
291 2487 508 2600 ἀμέτρητον)
526 2491 726 2592 κεκόσμητο
738 2490 802 2592 μὲν
816 2491 979 2592 ἀνενδεὴς
993 2502 1104 2575 πᾶσα
1117 2497 1139 2595 ἡ
1154 2492 1248 2595 νοητὴ

157 2616 281 2724 φύσις,
302 2625 381 2725 φῶς
407 2616 444 2697 δὲ
468 2617 513 2718 ἧν
539 2616 681 2700 ἅπαντα
702 2621 812 2698 ἐκεῖνα
829 2617 875 2698 τά
899 2619 1013 2719 νοητὰ
1038 2627 1098 2701 καὶ
1123 2622 1246 2701 αἰιύνια·

158 2751 237 2850 φῶς
256 2744 292 2821 δέ
315 2747 378 2823 ούκ
401 2746 568 2850 ἄμορφον
592 2744 671 2825 οὐδὲ
696 2743 822 2850 ἀργὸν,
843 2743 921 2825 ούδέ
946 2749 1060 2827 οἰονεί
1072 2784 1168 2834 τινος
1183 2752 1246 2828 ἑπι-

157 2880 343 2956 ποιοῦντος
359 2870 531 2969 δεόμενον,
547 2869 648 2949 ἀλλὰ
665 2871 748 2977 ἕχον
764 2873 801 2949 ε’ν
817 2873 929 2980 ἑαυτῷ
947 2873 1043 2953 κατὰ
1060 2874 1103 2956 τδ
1122 2881 1279 2975 πλῆθοςςε

157 3004 229 3075 τῶν
250 2996 430 3101 ἀπειράκις
448 2999 600 3102 ἀπείρων
624 2998 715 3077 κατά
737 2997 780 3079 τὸ
803 2998 1031 3102 παράδειγμα
1049 3008 1114 3103 τῆς
1133 3008 1248 3102 συκῆς,

49 3153 108 3219 103
119 3157 148 3200 v.
157 3125 322 3224 ἀπείρους
338 3124 430 3210 ἰδέας
447 3121 545 3231 ζῴων
558 3132 630 3205 τῶν
644 3129 714 3204 ἐκεῖ
727 3128 1008 3225 πολνποικίλων,
1025 3131 1250 3237 κατέλαμψεν

155 3249 289 3329 ἀνωθεν
307 3256 354 3335 εἰς
371 3249 414 3330 τὸ
433 3252 658 3351 ὑποκείμενον
675 3250 775 3357 χάος.
825 3251 880 3333 Τὸ
907 3251 945 3332 δέ
967 3258 1154 3361 φωτισθέν
1170 3262 1250 3355 ὁμοῦ

155 3380 213 3454 καὶ
230 3376 421 3482 μορφωθὲν
438 3378 582 3465 ἐκείνως
599 3379 733 3458 ἀνωθεν
750 3385 827 3464 ταῖς
844 3383 1121 3469 πολιητοικίλοις
1139 3384 1248 3479 ἰδέαις,

154 3499 265 3603 πῆξιν
283 3502 392 3595 ἔλαβε
410 3508 468 3582 καί
486 3503 675 3607 ἀνεδέξατο
688 3500 752 3590 τὰς
767 3504 859 3589 ἰδέας
877 3504 941 3589 τοίς
956 3506 1095 3588 ἀνωθεν
1112 3508 1266 3593 ἀπάσαςι

154 3625 226 3706 ἀπὸ
244 3637 308 3706 τοῦ
326 3630 447 3730 τρίτου
464 3635 591 3716 αἰῶνος
608 3640 672 3710 τοῦ
692 3629 1028 3734 τριπλασιάσαντος
1047 3634 1170 3716 αὐτόν.
1206 3638 1250 3715 Ὁ

154 3750 191 3829 δὲ
209 3752 296 3830 αἰὼν
315 3754 417 3839 οὗτος
436 3759 455 3834 ὁ
473 3758 590 3858 τρίτος
607 3755 690 3841 τοὺς
707 3762 933 3862 χαρακτῆρας
950 3760 1104 3853 βλέπων
1120 3762 1249 3846 πάντας

153 3876 291 3979 ἀθρόως
320 3877 404 3963 τοὺς
434 3883 559 3960 ἑαυτοῦ
591 3889 639 3967 εἰς
665 3881 708 3963 τὸ
741 3885 967 3985 ὼτοκείμενον
997 3885 1098 3968 κάτω
1126 3887 1249 3970 σκότος

153 4002 462 4103 κατειλημμένους,
476 4006 543 4107 τήν
555 4042 593 4088 τε
612 4009 760 4107 δύναμιν
777 4020 841 4089 τοῦ
859 4009 1013 4097 σκύτους
1031 4015 1098 4094 ούκ
1116 4018 1266 4116 ἀγνοῶνς

195 4236 241 4306 76.
257 4237 287 4294 S.
299 4238 404 4297 Matth.
421 4242 469 4307 ib„
482 4263 509 4319 9.
766 4249 813 4322 87.
829 4247 900 4303 cod.
915 4252 1153 4321 καικεκοσμιμένον.

196 4328 241 4388 77.
257 4318 328 4393 Leg.
341 4320 452 4379 videtur
465 4327 566 4380 πάντων
579 4326 620 4382 dx.
763 4346 812 4403 9²·
829 4327 901 4385 cod.
916 4329 1056 4402 ἀμέτριτοι.

194 4392 240 4464 83·
256 4397 326 4454 COd·
341 4400 607 4477 γίνημα-ἰγίνησαν,
763 4409 811 4482 96.
828 4408 905 4467 Fort.
921 4412 962 4465 καὶ
975 4413 1048 4467 κατά.
