2782 4972
115 295 159 359 36
560 288 774 356 ORIGENIS
1202 280 1252 345 IV.
1263 296 1286 361 3.

117 461 228 553 ἐστιν,
259 461 307 540 ὡς
344 452 583 558 παραστήσω,
617 455 697 532 οὔτε
733 448 775 531 τὸ
807 445 1033 553 ὡροσκόπιον
1066 444 1221 528 ἀπλανὲς

116 583 345 683 καθέστηκεν,
378 584 457 662 οὔτε
493 579 535 660 τὸ
572 580 724 684 ἀνίαχον
757 574 882 684 ζῴδιον
917 572 1009 680 πρός
1041 575 1221 677 ἀκρίβειαν

117 706 444 807 καταλαμβάνεται.
505 711 592 791 Πῶς
624 705 687 784 οὖν
714 702 923 788 ἁσύστατος
953 701 977 799 ἡ
1007 707 1084 780 τῶν
1112 705 1257 790 Χαλ·65

118 838 226 916 δαίων
243 836 393 934 μέθοδος
411 842 475 913 νῦν
492 834 668 934 λέγωμεν.
728 837 798 912 Δεῖ
812 827 879 929 τὴν
896 829 1038 931 γένεσιν
1056 834 1131 907 τῶν
1153 822 1220 907 ὑπὸ

117 961 183 1061 τὴν
200 963 390 1067 ἐπίσκεψιν
407 959 638 1058 πεσουμίνων
655 957 826 1062 πρότερον
845 957 1037 1059 ὁρίσαντας
1051 953 1220 1056 ἐπιζητεῖν

118 1088 195 1188 η’τοι
213 1086 286 1168 ἀπὸ
303 1093 367 1186 τῆς
385 1095 449 1166 τοῦ
467 1085 674 1189 σπέρματος
693 1088 901 1181 καταβολῆς
918 1084 976 1161 καὶ
994 1081 1220 1189 συλλήψεως

117 1211 383 1313 λαμβάνουσιν,
414 1209 436 1311 ἢ
465 1209 536 1291 ἀπὸ
565 1216 629 1310 τῆς
654 1207 832 1313 ε’κτίξεως.
895 1212 967 1289 Καὶ
993 1213 1022 1287 εῖ
1050 1204 1118 1307 μὲν
1149 1205 1218 1289 ἀπό

116 1347 181 1441 τῆς
217 1340 442 1447 συλλήψεως
479 1338 678 1439 λαμβάνειν
712 1335 926 1442 ἐπιχειρήσει
957 1370 1026 1432 τις,
1058 1336 1257 1435 ἅλιμιτόςῐο

116 1470 215 1548 ε’στιν
248 1472 268 1547 ὁ
301 1464 451 1571 ἀκριβὴς
477 1468 558 1570 περὶ
588 1464 717 1545 τούτου
748 1462 873 1564 λόγος,
901 1461 1014 1568 ταχὺς
1048 1460 1217 1568 ὑπάρχων

116 1592 259 1698 χρόνος,
280 1601 338 1672 καὶ
366 1591 517 1678 εἰκότως.
578 1595 637 1672 Ού
664 1591 736 1695 γὰρ
762 1591 888 1696 ἔχομεν
912 1588 1031 1690 λέγειν
1054 1589 1123 1670 εἴτε
1146 1588 1217 1690 ἅμα

120 1723 161 1825 τῇ
185 1719 368 1819 μεταθέσει
395 1729 460 1800 τοῦ
487 1719 693 1823 σπέρματος
714 1718 860 1820 γέγονεν
879 1718 903 1817 ἡ
925 1715 1134 1822 σύλληψις,
1154 1715 1217 1795 εἴτε

116 1851 179 1927 καῖ
192 1845 255 1946 μή.
308 1847 469 1927 Δύναται
486 1846 551 1946 μὲν
568 1845 640 1949 γὰρ
658 1850 717 1925 καὶ
735 1843 810 1945 ἅμα
829 1843 978 1944 νοήματι
994 1853 1104 1924 τοῦτο
1122 1879 1214 1942 συμ·

117 1975 265 2072 βαίνειν,
298 1972 422 2077 ὥσπερ
450 1977 507 2052 καὶ
534 1971 577 2052 τὸ
604 1969 811 2077 προσαχθέν
836 1976 911 2056 τοῖς
936 1968 1123 2073 διασύρας
1147 1977 1217 2052 τῶν
1226 1982 1257 2047 73

118 2098 302 2194 κλιβάνων
328 2098 439 2200 στίαρ
463 2094 565 2181 εὐθὺς
589 2103 779 2176 κολλᾶται·
810 2094 955 2175 δύναται
982 2091 1019 2171 δὲ
1046 2096 1107 2173 καὶ
1132 2092 1218 2193 μετὰ

117 2223 260 2330 χρόνον.
301 2222 558 2324 Διαστήματος
572 2221 644 2328 γὰρ
662 2223 765 2307 ὄντος
782 2217 854 2301 ἀπὸ
872 2229 936 2300 τοῦ
954 2217 1140 2317 στόματος
1157 2225 1218 2319 τής

116 2348 255 2451 μήτρας
280 2351 385 2456 μέχρι
414 2359 478 2430 τοῦ
507 2349 695 2448 πυθμένος,
722 2349 806 2428 ἔνθα
833 2352 891 2427 καὶ
917 2346 982 2432 τὰς
1008 2349 1219 2457 συλλήψεις

119 2474 268 2575 λέγουσι
286 2477 447 2576 γίνεσθαι
473 2481 598 2580 ἰατροὶ,
619 2474 763 2560 πάντως
785 2478 822 2554 ἐν
847 2473 966 2581 χρόνῳ
983 2476 1051 2553 τινὶ
1074 2473 1118 2553 τὸ
1143 2473 1218 2555 διοί-

118 2636 243 2700 στημα
266 2610 373 2680 τοῦτο
397 2601 513 2682 ἀνύειν
537 2602 672 2709 πέφυκε
694 2598 994 2699 καταβαλλομίνη
1012 2596 1056 2679 τὸ
1074 2600 1222 2703 σπέρμα
1230 2623 1264 2680 8ο

47 2728 141 2826 ανῆ
169 2726 292 2833 φύσις.
342 2729 577 2830 Ἀγνοοῦντες
602 2729 665 2807 οὖν
690 2725 757 2825 τὴν
779 2722 968 2825 ποσότητα
994 2734 1060 2805 τοῦ
1087 2724 1222 2833 χρόνου

118 2853 275 2934 κατὰτὸ
302 2854 444 2959 ἀκριβὲς
469 2859 502 2932 οἱ
527 2857 719 2950 Χαλδαῖοι,
741 2850 904 2932 οὐδέποτε
930 2848 996 2949 τήν
1023 2851 1223 2960 σύλληψιν

119 2979 406 3086 καταλήψονται,
433 2989 497 3060 τοῦ
519 2980 724 3083 σπέρματος
745 2976 801 3059 bre*
825 2977 889 3077 μὲν
913 2979 1223 3078 εύθυβολουμένου

159 3263 208 3335 63.
226 3260 307 3318 Sext.
319 3264 526 3335 παραστήσωμεν.
733 3280 747 3340 7
752 3282 780 3338 3.
797 3263 877 3321 Sext.
893 3265 971 3320 θίσει.

159 3342 208 3415 65.
225 3342 296 3397 Cod.
311 3343 434 3401 ιῖστατος.
464 3342 544 3400 Sext.
555 3346 646 3398 Τοίνυν
731 3346 780 3417 76.
802 3344 883 3402 Sext.
898 3350 975 3401 τοῦτο
992 3347 1044 3419 γὰρ
1061 3348 1137 3407 ιῦθὺς
1156 3354 1220 3405 κολ-

117 3422 264 3479 ἆαύοτατός
290 3423 362 3478 ς’στιν
387 3424 402 3492 ἡ
426 3430 477 3479 τῶν
496 3426 645 3479 Χαλδαϊκῶν
688 3427 774 3482 λιῖται.

117 3503 232 3572 μέθοδος.
269 3503 387 3574 Λὲγωμεν
399 3505 428 3558 δι’
441 3506 499 3577 περὶ
512 3510 558 3559 τοῦ
571 3508 641 3577 πρὼ-
731 3520 778 3578 77.
799 3507 867 3562 Post
880 3510 974 3578 χρόνον
987 3505 1094 3564 Sextus
1108 3509 1217 3567 habet:

117 3605 163 3637 του
176 3588 287 3654 πρῶτον.
687 3585 807 3659 Ἐπείπερ
820 3589 860 3642 καὶ
873 3589 906 3642 τὰ
917 3588 953 3646 είς
965 3590 1012 3657 τήν
1023 3592 1072 3660 γῆν
1084 3594 1219 3655 καταβαλ·

158 3662 207 3718 66.
222 3661 293 3717 Cod.
307 3662 424 3735 λέγομεν.
686 3669 781 3736 λόμενα
806 3673 858 3722 τῶν
884 3670 1046 3740 σπερμάτων,
1068 3671 1116 3725 οὐκ
1142 3672 1221 3731 εὐθὺς

158 3741 195 3797 ib.
209 3740 641 3815 Sext.T?1vBr)ye‘vwwr8w1‘m.r.
686 3745 872 3816 ριζοβολοῦντα
892 3749 1066 3818 συμπλέκεται
1080 3755 1138 3809 ταῖς
1151 3754 1218 3808 ὑπο·

117 3822 159 3878 ε’π.
174 3845 248 3883 πεσ..
263 3821 457 3895 ἀρχαϊκώτερον,
471 3828 526 3893 ἤτοι
544 3846 568 3880 κ.
579 3847 604 3882 τ.
613 3829 640 3881 λ.
687 3827 808 3896 κειμίναις
826 3831 931 3892 βώλοις.
974 3832 1023 3885 Καὶ
1043 3831 1220 3903 διαστήματος

117 3920 179 3975 quoe
189 3920 248 3957 non
259 3900 331 3958 bene
342 3902 480 3960 intellexit
490 3903 640 3977 Origenes.
686 3908 714 3960 δι’
728 3907 807 3964 ὄντος.

159 3981 207 4037 68.
223 3980 303 4037 Sext.
317 3982 390 4037 Ἀλλ’
405 3984 455 4039 ἀπὸ
469 3986 516 4054 μὲν
534 3989 578 4054 τῆς
596 3991 642 4041 τοῦ
730 4000 777 4062 79.
793 3986 874 4045 Sext.
889 3990 983 4063 ἰατρῶν
994 3993 1091 4050 παῖδες.

117 4061 265 4134 σπέρματος
272 4066 417 4133 καταβολῆς
424 4067 465 4119 καὶ
473 4065 641 4137 συλλήψεως,
729 4067 776 4122 80.
798 4067 878 4125 Sext.
892 4073 974 4126 ποιεῖν
992 4071 1109 4144 πέφυκεν
1125 4075 1141 4143 ή
1158 4098 1216 4134 κατ.

117 4142 163 4195 οὐκ
188 4144 219 4196 ἃν
242 4139 343 4197 εἴποιεν.
384 4144 573 4214 Ἀκατάληπτυς
592 4146 642 4218 γάρ
686 4151 732 4201 τοῦ
749 4148 896 4221 σπέρματος
913 4150 1004 4222 φύσις.
1041 4156 1073 4207 οί
1091 4154 1120 4209 δι’
1139 4160 1218 4212 τοῦτο

117 4220 189 4275 ε’στιν
201 4224 216 4275 ὁ
229 4222 335 4292 ἀκριβής
347 4223 438 4293 ταύτης
451 4228 552 4297 χρόνος.
686 4227 843 4299 ἀγνοοῦντες.

158 4300 207 4371 69.
225 4298 573 4377 Β“οη.1ες.λομβοωπος.
730 4305 776 4363 82.
792 4307 872 4366 Sext.
888 4312 934 4379 τὴν
946 4310 1024 4367 σύλλ.
1039 4313 1170 4370 οὐδέποτε.
