2782 4972
230 284 273 345 32
382 280 598 346 ORIGENIS
621 280 889 345 REFUTATlo
913 280 1196 345 HAERESIUM.

331 444 410 516 Θίαν
426 476 459 515 τε
476 444 573 515 Ῥείαν
590 474 633 525 τε,
653 444 750 536 Θέμιν
767 476 811 527 τε,
830 444 1031 535 Μνημοσύνην
1047 476 1091 527 τε,

332 560 450 647 Φοίβην
466 591 500 630 τε
517 560 772 656 χρυσοστέφανον,
789 558 887 645 Τηθίν
903 558 930 627 τ’
947 558 1105 655 έρατεινην,
1342 574 1370 646 85

330 675 399 755 τοδς
416 674 447 746 δὲ
463 676 528 768 μεθ
547 672 714 754 ῖπλίτατος
729 674 830 768 γένετο
845 672 954 771 Κρίνος
971 674 1184 768 οῖγκνλομῆτις

332 790 498 870 δεινίτατος
515 789 637 874 παίδων,
655 786 775 885 θαλερδν
791 787 815 859 δ
832 788 942 886 ἤχθηρε
959 798 1064 877 τοκῆα.

331 905 452 977 Γείνατο
470 904 493 976 δ’
512 902 551 975 αῖι
569 906 750 987 Κύκλωπας,
770 904 909 1001 ὑπέρβιον
925 904 995 1001 ἦτορ
1012 904 1149 1002 ἔχοντας.

233 1090 305 1167 Καὶ
334 1084 415 1171 τοὺς
443 1086 582 1171 ἄλλους
609 1084 747 1169 πάντας
775 1083 847 1164 ἀπὸ
874 1094 938 1164 τοῦ
958 1083 1102 1188 Κρόνου
1127 1094 1330 1190 καταριθμεῖ

231 1215 420 1314 Γίγαντας.
461 1211 643 1315 Ὕστερον
666 1212 707 1289 δέ
719 1246 791 1292 που
810 1214 847 1291 ἐκ
864 1216 928 1310 τῆς
945 1212 1048 1297 Ῥέας
1067 1213 1252 1314 γεγονέναι
1267 1213 1362 1294 τδν9ο

231 1341 315 1419 Δία.

286 1466 399 1545 Οὗτοι
426 1463 490 1564 μέν
509 1466 571 1543 οὖν
589 1462 719 1549 πάντες
745 1469 824 1569 περὶ
851 1470 916 1563 τῆς
943 1475 1007 1546 τοῦ
1031 1464 1167 1550 παντὸς
1185 1468 1325 1573 φύσεώς

228 1626 267 1671 τε
285 1595 343 1670 καὶ
360 1593 533 1693 γενέσεως
550 1600 663 1670 ταῦτα
681 1591 799 1676 καθὼς
815 1589 1002 1695 ε’ξεθέμεθα
1028 1597 1073 1699 τῇ
1102 1596 1224 1674 αὐτῶν
1242 1594 1325 1699 δόξῃ

228 1716 380 1821 ἕξειπον.
422 1724 473 1798 Oi
492 1715 529 1795 δέ
546 1715 675 1803 πάντες
694 1716 790 1797 κάτω
808 1728 873 1799 τοῖν
891 1721 984 1799 θείου
1001 1718 1236 1824 χωρήσαντες
1252 1726 1326 1823 περὶ

228 1842 294 1944 τὴν
312 1852 384 1924 τῶν
402 1843 601 1946 γενομένων
617 1846 745 1924 οὐσίαν
761 1844 1040 1951 ἠσχολήθησαν,
1053 1846 1099 1925 τὰ
1116 1847 1250 1949 μεγέθη
1268 1854 1362 1947 τῆς95

229 1975 377 2059 κτίσεως
404 1970 704 2071 καταπλαγέντες,
725 1974 784 2051 καὶ
811 1972 902 2051 αὐτὰ
928 1970 971 2051 τὸ
997 1978 1090 2051 θεῖον
1112 1970 1200 2053 εἶναι
1229 1977 1325 2073 νομί·

229 2135 370 2196 σαντες,
390 2100 506 2201 ἕτερος
524 2098 642 2199 ἕτερον
661 2097 770 2200 μέρος
796 2102 860 2196 τῆς
888 2100 1036 2184 κτίσεως
1062 2102 1326 2203 προκρίναντες,

228 2225 292 2306 τὸν
311 2225 347 2304 δέ
365 2225 445 2304 θεὸν
463 2224 598 2303 τούτων
616 2225 675 2301 καὶ
693 2224 909 2328 δημιουργὸν
926 2223 976 2325 μὴ
999 2226 1213 2327 ἐπιγνόντες.

285 2348 362 2435 Τὰς
385 2348 449 2448 μέν
467 2350 530 2427 οὖν
552 2356 625 2427 τῶν
643 2352 720 2429 καθ
739 2352 896 2451 έλληνας
923 2359 1143 2461 φιλοσοφεῖν
1160 2357 1326 2463 ε’πικεχει·

228 2476 389 2581 ρηκὸτων
408 2473 517 2579 δόξας
541 2480 668 2562 ἱκανῶς
691 2479 904 2557 ε’κτεθεισθαι
930 2478 1070 2582 νομίζω,
1089 2483 1174 2586 παρ’
1195 2480 1249 2563 ὦν
1267 2484 1350 2571 τοῖςῐ

228 2601 397 2712 ἀφορμὰς
415 2601 589 2697 λαβόντες
608 2608 639 2682 οῖ
659 2607 822 2707 αῖρετικοὶ
839 2604 886 2684 τὰ
903 2608 975 2705 μετ’
992 2612 1034 2688 οὐ
1051 2608 1149 2689 πολὺ
1166 2616 1326 2715 ῥηθησο-

227 2766 317 2831 μενα
344 2731 587 2837 ἐπεχείρησαν.
648 2739 760 2811 Δοκεῖ
787 2732 824 2811 δέ
851 2731 1026 2837 πρότερον
1052 2738 1257 2837 ε’κθεμένους
1285 2740 1329 2819 τὰ

227 2859 385 2961 μυστικὰ
402 2862 461 2938 καὶ
480 2860 553 2940 ὅσα
578 2859 772 2962 περιέργως
798 2864 878 2965 περὶ
905 2862 1025 2965 ἄστρα
1048 2861 1139 2950 τινές
1156 2862 1179 2964 ἢ
1197 2869 1329 2967 μεγέθη

228 2984 524 3091 ε’φαντοίσθησαν,
559 2990 677 3066 εἰπεῖν·
727 2990 785 3066 καὶ
822 2987 894 3091 γὰρ
925 2987 969 3091 ἐξ
1004 2992 1121 3070 αὐτῶν
1153 2992 1330 3087 λαθόντες

228 3110 394 3216 ἀφορμὰς
415 3120 663 3214 τερατολογεῖν
681 3111 879 3214 νομίζονται
901 3122 1068 3200 πολλοῖς·
1098 3117 1218 3199 έπειτα
1240 3125 1353 3207 dno-5

228 3237 367 3321 λούθως
384 3236 429 3317 τὰ
448 3237 505 3317 ὑπ’
524 3241 641 3319 αὐτῶν
659 3243 793 3343 ἀδρανῆ
813 3240 975 3342 δόγματα
993 3246 1262 3349 φανερώσομεν.

677 3492 723 3547 86.
740 3494 882 3563 ὖκρότατος.
