2782 4972
121 322 186 383 328
563 307 781 373 ORIGENIS
1199 299 1284 363 X.2l·

123 479 189 559 τὸν
207 475 294 579 ὑπὲρ
311 472 431 554 πάντα
448 470 543 550 θεόν.
574 469 651 550 Τδν
669 467 708 548 δὲ
724 470 878 567 Ἰησοῦν
897 468 1006 568 λέγει
1029 464 1086 564 μὴ
1104 469 1146 545 ἐκ
1161 499 1243 567 παρ

125 602 229 684 θένου
250 603 500 703 γεγεννῆσθαι·
531 591 717 697 γεγονέναι
741 592 778 671 δὲ
806 591 922 673 αὐτὸν
947 592 996 696 ἐξ
1019 590 1171 698 Ἰωσὴφ
1194 593 1245 669 καί

128 730 274 832 Μαρίας
293 727 382 822 υἱὸν,
404 724 527 822 ὅμοιον
544 728 619 807 τοῖς
638 727 779 805 λοιποῖς
796 719 1025 823 ἀνθρώποις,
1046 724 1110 799 καὶ
1138 724 1238 817 διενη

128 854 267 959 νοχέναι
284 855 322 931 ἐν
340 848 548 952 δικαιοσύνη
567 850 626 926 καὶ
649 844 879 953 σωφροσύνῃ
904 847 971 923 καὶ
993 845 1146 925 συνέσει
1164 843 1240 944 ῦπέρ

126 977 264 1062 πάντας
281 975 366 1060 τοῦς
383 973 545 1058 λοιπούς.
606 977 679 1053 Καὶ
696 971 786 1071 μετὰ
804 969 848 1050 τδ
866 969 1074 1069 βάπτισμα
1093 982 1268 1067 κατεληςο

127 1103 271 1183 λυθένοα
300 1107 349 1185 είς
375 1099 484 1180 αύτδν
511 1101 550 1178 ἐκ
576 1103 641 1197 τῆς
668 1095 755 1200 ὑπὲρ
782 1095 829 1176 τὰ
859 1096 936 1176 ὅλα
965 1098 1156 1181 αῦθεντίας
1180 1095 1235 1175 τὸν

129 1227 295 1331 Χριστὸν
312 1229 350 1305 ἐν
367 1225 446 1303 εἴδει
463 1230 685 1327 περιστερᾶς,
699 1225 757 1301 καὶ
774 1219 855 1301 τότε
868 1221 1032 1325 κηρῦξαι
1044 1221 1113 1302 τὸν
1125 1224 1232 1323 ἅγνω·

129 1387 222 1432 στον
239 1350 375 1453 πατέρα
393 1352 451 1430 καὶ
469 1347 632 1448 δυνάμεις
648 1345 860 1427 ἐπιτελεῖται.
900 1345 1010 1449 Πρδς
1023 1345 1063 1424 δὲ
1081 1351 1134 1454 τῷ
1152 1348 1232 1427 τέλει

129 1485 194 1554 τοῦ
218 1474 355 1560 πάθους
376 1477 578 1572 άποπτῆναι
595 1474 660 1552 τὸν
678 1471 842 1574 Χριστὸν
868 1469 944 1550 ἀπὸ
970 1481 1039 1551 τοῦ
1064 1476 1155 1552 υἱοῦ·
1176 1506 1229 1551 πε·

129 1601 295 1681 πονθέναι
321 1600 386 1680 τὸν
406 1600 566 1699 Ἰησοῦν,
587 1599 651 1677 τὸν
678 1595 715 1674 δὲ
741 1594 908 1699 Χριοτδν
935 1599 1064 1696 ἀπαθῆ
1093 1620 1264 1695 punem-95

132 1728 239 1826 κε’ναι,
259 1736 400 1826 πνεῦμα
420 1727 554 1829 Κυρίου
574 1722 792 1828 ὑπάρχοντα.

72 1870 122 1925 22
189 1858 412 1935 Εύιαιωναῖοι
440 1851 476 1930 δὲ
500 1849 564 1931 τὸν
587 1849 651 1949 μὲν
675 1846 814 1948 κόσμον
842 1847 912 1926 ὑπὸ
938 1858 1009 1928 τοῦ
1031 1850 1138 1934 ὄντος
1162 1855 1231 1928 θεοῦ

132 1979 314 2082 γεγονέναι
343 1979 508 2079 λέγουσι,
537 1975 601 2057 τὸν
633 1973 670 2053 δὲ
698 1973 862 2079 Χριστὸν
893 1976 1028 2072 ὁμοίως
1057 1978 1229 2081 Κηρίνθρ.

136 2112 238 2185 Ζῶσι
266 2104 303 2183 δὲ
328 2101 448 2184 πάντα
473 2101 564 2181 κατὰ
592 2100 702 2201 νόμον
727 2104 890 2205 Μωῦοῇ,
912 2103 1010 2180 οὕτω
1038 2100 1233 2208 φάσκοντες

134 2235 368 2310 δικαιοῦσθαι.
1243 2259 1252 2296 ¹

72 2380 124 2456 23
190 2352 367 2438 Θεόδοτος
392 2352 428 2431 δὲ
453 2357 472 2433 ὁ
493 2350 682 2454 Βυζάντιος
698 2351 905 2455 ἐξηρίσατο
928 2352 1072 2454 αἵρεσιν
1089 2351 1232 2447 τοιάνδε,

134 2475 289 2582 φάσκων
321 2477 366 2557 τά
397 2477 461 2576 μὲν
492 2479 564 2558 ὅλα
595 2477 664 2558 ῦπδ
695 2487 760 2558 τοῦ
792 2478 894 2562 ὄντος
923 2483 1009 2558 θεοῦ
1043 2478 1232 2580 γεγονέναι,

134 2601 198 2682 τὸν
226 2600 262 2680 δὲ
287 2602 452 2706 Χριστὸν
480 2605 608 2702 ὁμοίως
634 2611 708 2688 τοῖς
735 2601 1001 2706 προειρημένοις
1027 2610 1234 2704 γνωστικοῖς

136 2727 270 2834 φάσκει
294 2727 442 2835 τοιούτῳ
467 2734 535 2807 τινὶ
563 2729 685 2836 πράττη)
712 2729 914 2835 πεφηνέναι.
975 2726 1086 2808 Εἶναι
1114 2731 1153 2809 δὲ
1177 2729 1254 2819 τδνς

135 2853 301 2958 Χριστὸν
324 2853 496 2964 κ[οιν]ὸν
523 2854 712 2958 ἄνθρωπον
738 2862 864 2935 πᾶσιν·
893 2854 931 2932 ἔν
956 2853 995 2932 δὲ
1020 2856 1140 2962 τούτῳ
1164 2859 1230 2932 διο·

31 3015 38 3055 ι
45 3011 124 3078 3ος.
136 2980 256 3085 φέρειν
287 2980 340 3060 ὅτι
369 2980 459 3059 κατὰ
490 2980 632 3079 βουλὴν
660 2987 742 3062 θεοῦ
769 2980 953 3082 γεγέιηται
979 2982 1021 3059 ἐκ
1048 2982 1230 3084 παρθένου,

135 3104 414 3189 ἐπισκιάσαντος
439 3114 504 3185 τοῦ
531 3107 635 3207 ἁγίου
665 3107 886 3206 Πνεύματος,
910 3109 976 3186 οὐκ
1002 3110 1045 3186 ἐν
1072 3112 1118 3212 τῇ
1146 3141 1231 3208 παρ·

135 3228 226 3335 θένιρ
259 3231 502 3334 σαρκωθέντα,
540 3234 690 3335 ὕστερον
723 3231 759 3311 δὲ
794 3234 851 3312 ἐπὶ
887 3241 952 3311 τοῦ
983 3234 1233 3330 βαπτίσματος

135 3357 414 3453 κατεληλυθέναι
442 3356 506 3437 τὸν
539 3356 703 3461 Χριστόν
734 3360 792 3437 ἐπὶ
823 3355 891 3438 τόν.
912 3357 1063 3455 Ἰησοῦν
1093 3359 1132 3435 ἐν
1161 3357 1270 3434 είδοιο

134 3489 358 3584 περιστερᾶς,
379 3483 458 3561 ὅθεν
477 3488 572 3590 φασὶ
596 3481 646 3582 μὴ
671 3481 843 3585 πρότερον
867 3481 932 3566 τὰς
956 3481 1122 3582 δυνάμεις
1145 3486 1234 3588 αύτῷ

134 3607 373 3707 ἐνεργηθῆναι.
433 3608 528 3689 Θεὸν
558 3607 595 3687 δὲ
627 3610 691 3688 οῦκ
723 3604 809 3686 εἶναι
838 3606 902 3688 τὸν
930 3607 1100 3709 Χριστὸν
1129 3610 1230 3689 θέλει.

138 3734 210 3808 Καὶ
229 3743 376 3813 τοιαῦτα
395 3733 583 3818 Θεόδοτος.

74 3876 127 3942 24
186 3853 330 3959 Ἕτεροι
358 3859 395 3938 δὲ
425 3864 483 3937 καὶ
514 3857 558 3962 ἐξ
584 3861 701 3938 αῦτιῦν
727 3854 847 3937 πάντα
872 3864 947 3943 τοῖς
974 3862 1233 3963 προειρημένοις

137 3982 320 4081 λέγουσιν,
341 3981 379 4060 ἓν
404 3981 515 4081 μόνον
542 3980 842 4086 ε’νδιαλλάξαντες
866 3984 904 4061 ε’ν
930 3987 983 4090 τῷ
1009 3983 1074 4065 τδν
1098 3991 1230 4089 Μελχι·
1243 4010 1268 4067 ¹5

181 4182 227 4256 87.
244 4183 316 4239 Cod.
330 4185 492 4256 γεγενῆσθαι.
756 4206 799 4259 ¹4·
813 4187 923 4243 Prohis
933 4187 1040 4262 legitur
1049 4188 1080 4244 in
1092 4189 1164 4245 libro
1173 4185 1232 4247 vll.

180 4278 229 4334 97.
247 4261 295 4318 Sic
313 4264 403 4319 codex
422 4263 476 4319 hoc
496 4265 567 4321 loco.
612 4266 665 4323 Su·
708 4268 794 4340 ἕτερός
811 4290 850 4325 τις
863 4271 903 4322 καὶ
920 4270 996 4325 aaz&
1010 4269 1137 4326 θεόδοτος
1148 4265 1232 4324 κολού-

139 4357 190 4411 pra
203 4341 276 4397 libro
285 4342 344 4399 Vll
357 4343 510 4407 Ἐβιωναῖοι,
708 4370 790 4418 μενος.

180 4419 208 4474 6.
226 4421 328 4478 Literae
342 4446 380 4477 οιν
394 4441 509 4498 prorsus
524 4425 658 4481 evanidae.
754 4442 801 4502 15.
817 4426 889 4483 Cod.
905 4429 1025 4499 λέγουσι.
