2782 4972
120 323 164 389 26
561 316 777 383 ORIGENIS

121 478 262 580 κόσμου
290 476 469 557 ἀθάνατον
493 473 593 573 εἶναι,
626 481 684 555 καὶ
709 474 817 556 αὐτὸν
842 474 906 558 τὸν
930 479 1072 577 κόσμον
1098 480 1263 586 ἀίδων,ις

121 605 188 705 τήν
199 605 237 686 δὲ
252 606 328 684 καθ’
341 605 508 701 ἕκαστον,
522 607 571 687 ῶς
583 604 810 705 προείπομεν,
827 602 1072 711 ἀφανίζεσθαι.
1105 609 1226 694 Οὗτος

122 735 187 834 μὲν
206 733 269 811 οὖν
286 734 324 809 έν
340 734 393 837 τῶ
410 732 547 837 Λυκείῳ
564 727 773 829 ποιούμενος
799 727 864 814 τάς
891 730 1075 834 διατριβὰς
1096 734 1219 840 ἐφιλο-

123 858 242 967 σόφει·
274 863 294 939 ὁ
313 858 350 939 δὲ
370 857 497 958 Ζήνων
509 860 604 962 ε’ντῇ
622 858 768 961 ποικίλῃ
786 861 892 965 στοᾷ.
938 857 1221 967 Ἑκτήσαντοδέ

123 992 156 1066 οὶ
185 986 251 1087 μὲν
279 982 351 1066 ἀπὸ
383 993 448 1065 τοῦ
483 983 651 1083 Ζήνωνος
680 981 751 1062 ἀπὸ
784 992 848 1063 τοῦ
877 980 989 1064 τόπου
1017 982 1061 1066 τὸ
1093 987 1219 1087 ὄνομα,

122 1114 286 1194 τουτέστι
303 1109 374 1192 ἀπὸ
397 1115 461 1211 τῆς
488 1118 601 1194 στοάς
628 1112 778 1190 Στωῖκοὶ
801 1108 996 1208 κληθέντες·
1025 1117 1060 1190 οὶ
1085 1113 1124 1192 δέ
1151 1112 1256 1194 ἀπὸω

122 1248 187 1318 τοῦ
199 1237 476 1342 Ἀριστοτέλους
493 1235 565 1317 ἀπὸ
582 1245 647 1316 τοῦ
665 1237 783 1341 ἔργον.
817 1233 962 1335 Ἐπειδὴ
980 1235 1053 1340 γάρ
1070 1273 1217 1342 περιπα-

122 1374 263 1449 τοῦντες
279 1367 317 1443 έν
334 1369 386 1473 τῶ
405 1364 542 1470 Λυκείῳ
566 1360 723 1463 ἐζήτουν,
745 1361 803 1441 διά
820 1372 927 1443 τοῦτο
947 1369 1220 1467 Περιπατητικοὶ

122 1491 342 1592 ἐκλήθησαν.
383 1499 496 1570 ταῶτα
512 1488 578 1588 μὲν
596 1489 659 1568 οὖν
677 1492 735 1567 καὶ
753 1492 773 1568 ὁ
790 1490 1062 1591 Ἀριστοτέλης.

486 1734 576 1798 Περι
603 1757 668 1798 που
695 1735 860 1800 Στωικου.

181 1880 328 1957 Στωϊκοὶ
347 1878 405 1955 καὶ
424 1879 522 1956 αὐτοὶ
544 1874 610 1975 μὲν
627 1877 683 1955 ἐπὶ
701 1874 743 1956 τὸ
761 1876 1141 1979 συλλογιστικῶτερον
1158 1874 1259 1975 τήνας

123 2007 350 2112 φιλοσοφίαν
387 2002 568 2107 ηὔξησαν,
603 2006 661 2082 καὶ
696 2000 829 2107 σχεδόν
862 2002 956 2105 ὅροις
990 2003 1221 2105 περιελαβον,

122 2129 291 2236 ὁμόδοξοι
318 2130 496 2233 γενόμενοι
525 2130 558 2227 ὅ,
579 2164 617 2210 τε
645 2128 863 2232 Χρύσιππος
887 2133 946 2208 καὶ
973 2128 1112 2229 Ζήνων.
1174 2136 1224 2211 Oi

122 2259 290 2339 ὑπέθεντο
318 2261 376 2335 καὶ
403 2258 502 2334 αὐτοὶ
529 2253 644 2361 ἀρχὴν
660 2253 727 2355 μέν
745 2253 826 2334 θεὸν
843 2263 916 2335 τῶν
933 2253 1093 2354 πάντων,
1113 2264 1224 2356 σῶμα

43 2410 46 2415 ’
121 2386 209 2465 ὄντα
235 2381 277 2462 τὸ
305 2380 566 2484 καθαρώτατον,
586 2381 645 2461 διὰ
670 2381 872 2463 πάντωνδέ
900 2381 1028 2483 διήκειν
1045 2381 1113 2482 τήν
1130 2384 1222 2488 πρύ-

122 2544 221 2589 νοιαν
251 2511 374 2606 αὐτοῦ,
410 2512 468 2586 καὶ
498 2510 597 2588 αὐτοὶ
629 2509 667 2588 δὲ
698 2508 741 2590 τὸ
777 2511 854 2589 καθ’
887 2512 1101 2613 εἱμαρμένην
1137 2508 1226 2592 εἶναι
1234 2554 1269 2610 30

121 2634 239 2735 πάντη
268 2635 582 2733 διεβεβαιῶσαντο,
608 2638 867 2738 παραδείγματι
894 2634 1116 2741 χρησόμενοι
1147 2673 1223 2719 τοι·

122 2761 226 2870 ούτιρ.
274 2761 364 2844 Ὀτι
388 2760 514 2866 ῶσπερ
540 2760 720 2867 ὀχήματος
736 2760 797 2841 έάν
814 2759 838 2867 ᾖ
856 2760 1094 2865 ἐξηρτημένος
1113 2767 1223 2867 κύων,

120 2887 181 2969 ε’ἀν
198 2889 263 2990 μὲν
280 2889 458 2989 βούληται
476 2889 637 2985 ἕπεσθαι,
658 2893 717 2966 καὶ
743 2888 881 2968 ἕλκεται
898 2893 957 2968 καὶ
975 2890 1094 2969 ἕπεται
1109 2899 1226 2973 ποιῶν

121 3020 180 3094 καὶ
206 3013 249 3095 τὸ
276 3011 510 3118 αὐτεξούσιον
537 3012 626 3112 μετὰ
652 3016 717 3112 τῆς
741 3012 899 3114 ἀνάγκης
923 3012 998 3094 οἷον
1015 3021 1080 3114 τῆς
1097 3023 1222 3124 εἱμαρ-

121 3141 241 3240 μένης·
271 3138 333 3220 ε’ἀν
351 3138 390 3218 δέ
417 3137 467 3239 μή
495 3138 672 3238 βούληται
700 3140 861 3238 ἕπεσθαι,
887 3138 1031 3226 ποίντως
1062 3146 1222 3245 ἀναγκα-
1234 3179 1269 3243 35

121 3266 309 3367 σθήσεται.
345 3265 401 3348 Τὸ
420 3265 505 3347 αὐτὸ
526 3265 569 3366 δή
587 3299 659 3346 που
677 3270 736 3344 καὶ
749 3267 889 3346 ἐπὶτῶν
902 3268 1112 3371 ἀνθρώπων.
1151 3276 1226 3352 Καὶ

120 3391 171 3492 μὴ
189 3391 402 3493 βουλόμενοι
429 3391 502 3496 γάρ
528 3392 749 3490 ἀκολούθων,
769 3392 1112 3494 ἀναγκασθήσονται
1127 3396 1223 3477 ποίν-

121 3554 192 3605 τως
203 3525 252 3605 είς
264 3518 308 3600 τό
319 3515 552 3623 πεπρωμένον
565 3523 750 3598 εἰσελθεῖν.
783 3515 913 3616 Τὴνδέ
931 3518 1056 3627 ψυχήν
1070 3519 1225 3624 λέγουσι

121 3646 187 3746 μέν
205 3644 396 3744 ἀθάνατον,
417 3641 503 3725 εἶναι
530 3644 568 3724 δὲ
591 3650 700 3742 σῶμα
724 3647 783 3723 καὶ
800 3643 969 3745 γενέσθαι
985 3650 1023 3726 ἐκ
1040 3653 1105 3746 τῆς
1121 3684 1221 3753 περι-

121 3769 269 3879 ψύξεως
294 3780 358 3851 τοῦ
377 3767 480 3873 ἀέρος
506 3780 571 3850 τοῦ
597 3768 837 3877 περιέχοντος,
867 3769 920 3852 διδ
948 3776 1007 3852 καὶ
1034 3782 1272 3873 καλεῖσθαιηο

120 3897 258 4006 ψυχήν.
303 3900 556 3998 Ὀμολογοῦσι
585 3897 622 3977 δὲ
643 3900 701 3976 καὶ
718 3896 1041 3997 μετενσωμάτωσιν
1059 3903 1223 4001 γίνεσθαι

122 4021 336 4129 ὡρισμένων
354 4026 475 4104 οὐσῶν
492 4030 565 4102 τῶν
581 4029 723 4129 ψυχῶν.
767 4022 1039 4132 Προσδέχονται
1058 4027 1096 4106 δέ
1112 4020 1220 4109 έκπύ.

120 4187 236 4257 ρωσιν
253 4151 400 4233 ἔσεσθαι
418 4153 476 4229 καὶ
494 4149 670 4253 κάθαρσιν
688 4160 752 4231 τοῦ
776 4149 917 4251 κόσμου
933 4153 1075 4252 τούτου,
1095 4159 1129 4234 οὶ
1155 4155 1224 4254 μὲν

121 4366 213 4487 05⁵ss
225 4352 257 4405 01
270 4352 297 4405 δι’
312 4350 417 4404 Στωϊκοί
429 4347 516 4407 Ταον.
534 4348 610 4423 quod
625 4367 723 4405 verum
738 4348 861 4405 videtur.
1008 4367 1056 4419 42·
1071 4350 1223 4423 ἐμπύρων

176 4449 194 4486 ο
217 4475 222 4487 .
