2782 4972
124 310 191 372 284
568 301 789 368 ORIGENIS
1165 297 1285 362 vlm-

126 470 184 545 καὶ
220 472 324 543 καλεῖ
356 461 398 544 τὸ
435 471 575 543 τοιοῦτο
618 462 837 561 Βασιλείδης
878 463 925 540 οῦ
963 459 1117 564 πτερὸν,
1151 456 1266 550 ἀλλάη

128 597 276 688 Πνεῦμα
307 587 424 690 ἅγιον,
458 589 479 669 ὃ
508 591 679 692 εὐεργετεῖ
707 589 729 687 ἡ
764 585 890 687 υἱάτης
926 583 1160 685 ἐνδυσαμίνη
1188 589 1234 664 κά

125 718 361 818 εῦεργετεῖται.
399 718 590 818 Εῦεργετεῖ
602 713 677 813 μὲν,
694 714 747 794 ἀνι
767 712 936 816 καθάπερ
956 715 1105 816 ὄρνιθος
1120 711 1234 815 πτερὸν

126 841 213 922 αὐτὸ
250 844 326 921 καθ
357 841 445 922 αῦτὸ
481 850 546 921 τοῦ
583 841 721 946 ὄρνιθος
757 839 1065 942 ἀπηλλαγμένον
1103 843 1166 919 οῦκ
1197 839 1233 917 ἀν

127 966 267 1070 γε’νοιτά
296 1003 382 1049 ποτε
416 965 563 1074 ῦάηλὸυ
595 967 675 1047 οὐδὲ
705 965 921 1070 μετάρσιον·
967 967 1045 1046 οὐδ’
1075 969 1122 1044 αὖ
1154 967 1232 1068 ὅρνις

128 1087 395 1189 ἀπολελυμένος
413 1099 477 1169 τοῦ
494 1098 638 1192 πτεροῦ,
660 1091 724 1168 οῦκ
751 1089 797 1166 ἅν
815 1123 909 1169 ποτε
927 1086 1080 1190 γίνοιτο
1104 1087 1247 1195 ῦψηλὸςι

129 1215 208 1296 οὐδὲ
225 1215 427 1320 μετάρσιος.
478 1216 651 1296 Τοιοῦτόν
673 1251 752 1303 τινα
773 1213 838 1295 τὸν
857 1213 983 1315 λόγον
1001 1216 1117 1320 ἔσχεν
1133 1216 1154 1312 ἡ
1171 1213 1228 1292 υἱά-

127 1378 191 1442 της
208 1341 299 1447 πρὸς
317 1340 358 1423 τὸ
379 1348 528 1441 Πνεῦμα
548 1340 590 1422 τὸ
615 1340 731 1442 ἅγιον,
753 1344 812 1420 καὶ
830 1339 874 1421 τὸ
895 1351 1048 1441 πνεῦμα
1072 1340 1161 1444 πρὸς
1177 1337 1230 1436 τὴν

128 1469 283 1568 υίότητα.
334 1470 603 1577 Ἀνοφερομένη
621 1468 693 1572 γὰρ
711 1467 782 1548 ἀπὸ
804 1477 870 1547 τοῦ
897 1468 1114 1569 πνεύματος
1131 1470 1152 1567 ἡ
1169 1466 1226 1546 υἱό-

126 1631 191 1693 της
218 1599 266 1679 ὡς
295 1593 364 1675 ῦπὸ
391 1605 535 1699 πτεροῦ,
562 1596 729 1702 ἀναφέρει
756 1592 798 1673 τὸ
826 1592 979 1696 πτερὸν,
1006 1594 1172 1675 τουτέστι
1195 1590 1247 1681 τὸς

127 1730 275 1820 πνεῦμα,
290 1725 347 1800 καὶ
364 1724 526 1821 πλησίον
544 1721 715 1823 γενομένη
733 1724 797 1819 τῆς
815 1729 1072 1822 λεπτομεροῦς
1088 1718 1227 1817 υἱάτητος

129 1850 187 1927 κοῦ
204 1858 268 1927 τοῦ
287 1854 367 1929 θεοῦ
385 1858 449 1929 τοῦ
475 1853 655 1933 οἰκοῦντος
673 1852 744 1928 καὶ.
754 1845 1104 1949 δημιουργήσαντος
1120 1845 1162 1950 ἐξ
1176 1848 1226 1923 οῦκ

129 1977 254 2057 ὄντων.
305 1974 432 2081 ’Έχειν
459 1974 523 2073 μὲν
551 1974 638 2056 αῦτὸ
665 1975 739 2074 μετ’
759 1976 868 2072 αὐτῆς
896 1975 965 2052 οῦκ
995 1973 1165 2071 ἠδύνατο,
1191 1968 1227 2067 ἦν

128 2103 200 2209 γάρ
226 2107 293 2210 οὐχ
320 2102 524 2204 ὁμοοιίσιον.
586 2104 727 2187 Οὐσίας
754 2100 791 2179 δὲ
817 2098 935 2204 φύσιν
960 2095 1037 2205 εἶχε
1059 2098 1150 2198 μετὰ
1174 2102 1225 2194 τῆς

129 2229 297 2328 υίότητος,
324 2230 426 2309 ἀλλά
455 2229 580 2334 ὥσπερ
610 2229 687 2310 ἔστι
711 2226 810 2331 παρὰ
838 2225 957 2333 φῦσιν
984 2230 1051 2305 καὶ
1080 2227 1258 2328 ὀλεθριοςιο

127 2362 202 2439 τοῖς
218 2361 362 2458 ίχθῦσιν
380 2354 449 2459 ἀὴρ
469 2355 623 2461 καθαρὸς
641 2362 699 2434 καὶ
719 2353 841 2459 ξηρὸς,
862 2356 957 2433 οὕτω
976 2360 1034 2461 τῷ
1056 2354 1222 2452 Πνεάμοτι

126 2483 179 2585 τῷ
196 2480 286 2585 ἁγίῳ
305 2477 467 2584 ἦνπαρὰ
485 2480 599 2589 φύσιν
615 2485 723 2560 ἐκεῖνο
741 2479 783 2561 τὸ
804 2479 976 2583 ἄρρητον,
995 2478 1222 2584 ἀρρητότερον

127 2612 185 2686 καὶ
217 2604 362 2687 πάντων
395 2608 571 2711 ἀνώτερον
603 2607 788 2707 ὀνομάτων
814 2615 878 2686 τοῦ
911 2608 977 2684 οὐκ
1012 2607 1120 2692 ὄντος
1146 2610 1221 2705 ὁμοῦ

126 2740 208 2813 θεοῦ
241 2735 373 2838 χωρίον
400 2738 458 2813 καὶ
490 2739 554 2833 τῆς
584 2732 752 2834 υίάτητος.
811 2732 1018 2812 Κατέλιπεν
1051 2736 1117 2813 οὖν
1146 2732 1220 2812 αι’πὸ

125 2864 286 2960 πλησίον
305 2860 463 2960 υίάτητος
480 2863 612 2940 ε’κείνου
628 2871 693 2941 τοῦ
709 2860 884 2962 μακαρίου
904 2863 965 2938 καὶ
991 2866 1164 2960 νοηθῆναι
1178 2856 1252 2959 μῆη

126 2988 321 3085 δυναμένου
346 2985 435 3086 μηδὲ
457 2992 785 3091 χαρακτηρισθῆναι
808 2988 876 3066 τινὶ
896 2984 1000 3093 λάγιρ
1020 2991 1167 3092 χωρίου,
1186 2989 1220 3066 οῦ

124 3112 357 3193 παντάπασιν
380 3114 523 3216 ἔρημον,
547 3112 626 3193 οὐδὲ
651 3113 936 3214 ἀπηλλαγμένον
961 3118 1028 3212 τῆς
1058 3114 1217 3215 υἱότητος,

124 3239 225 3319 ἀλλά
246 3239 319 3343 γάρ
341 3239 466 3343 ὥσπερ
484 3246 531 3325 είς
549 3240 664 3341 ἀγγος
683 3240 863 3340 ἐμβληθὲν
885 3237 1002 3344 μύρον
1027 3243 1216 3324 εῦωδείπα·

123 3403 197 3465 που,
215 3374 243 3446 εί
262 3372 320 3448 καὶ
339 3368 392 3447 ὅτι
409 3365 574 3466 μάλιστα
591 3370 765 3467 ἐπιμελῶς
782 3369 993 3467 ἐκκενωθείη,
1011 3371 1114 3468 ὅμως
1131 3368 1218 3471 ὀσμή

122 3529 176 3580 τις
193 3495 243 3576 ἕτι
264 3496 356 3594 μένει
381 3502 445 3574 τοῦ
468 3492 583 3596 μάρου
609 3498 668 3572 καὶ
694 3496 953 3592 καταλείπεται,
973 3495 1044 3576 κάν
1068 3496 1093 3605 ᾖ
1116 3534 1216 3605 κεχω·
1226 3534 1254 3572 20

121 3619 290 3721 ρισμίνον
317 3629 381 3699 τοῦ
409 3621 555 3720 ἀγγείου
582 3622 640 3698 καὶ
666 3620 781 3723 μύρου
808 3619 927 3720 ὀσμὴν
950 3622 994 3703 τὸ
1022 3628 1171 3728 ἀγγεῖον
1195 3630 1218 3703 εἰ

121 3740 248 3841 καὶμὴ
269 3743 397 3848 μύρον,
419 3749 530 3832 οὕτως
548 3746 591 3828 τὸ
611 3753 759 3849 Πνεῦμα
781 3747 824 3829 τὸ
848 3747 953 3849 ἀγιον
970 3753 1146 3854 μεμέιογκε
1162 3759 1218 3853 τῆς

161 4023 211 4080 97.
227 4006 299 4063 Cod.
315 4008 495 4080 ε’βεργετεῖται.
738 4031 780 4086 14.
796 4013 868 4070 Cod.
884 4016 1034 4087 θεοχυρίον.

162 4088 210 4161 98.
227 4085 297 4143 Cod.
313 4089 364 4142 κατ’
374 4091 443 4143 αὐτό.
735 4094 780 4150 16.
797 4095 869 4151 Cod.
879 4097 913 4165 μὴ
926 4098 960 4165 μὴ
971 4097 1010 4154 δέ.
1039 4097 1152 4157 Deinde
1164 4101 1215 4175 leg.

165 4182 189 4242 7.
210 4167 376 4242 Legendum
397 4171 557 4237 διοικοῦντος,
574 4173 649 4246 quod
690 4175 802 4232 videtur
814 4178 918 4248 χωρίον.

120 4265 147 4302 v.
160 4267 226 4324 pag.
239 4263 306 4323 237,
321 4249 339 4304 1.
354 4250 391 4325 89
406 4259 435 4307 et
449 4268 529 4325 seqq.
733 4256 769 4312 18
785 4265 814 4313 et
831 4274 878 4313 22.
893 4255 967 4313 Cod.
981 4262 1072 4331 μῦρον.

119 4407 147 4460 δὲ
160 4346 190 4404 9.
207 4330 278 4386 Cod.
293 4332 338 4385 οῦκ
351 4331 495 4401 όμοοῦσιον.
518 4334 568 4389 οῦσ
582 4333 647 4405 (sic)
733 4354 779 4392 21.
798 4337 877 4412 Lege
890 4339 945 4409 ἔχει
958 4356 1010 4412 pro
1025 4341 1057 4395 εἶ.

161 4409 252 4478 φῦσιν.
