2782 4972
215 319 246 381 vi
608 320 919 382 PnAEnATIO.

214 498 288 565 sive
305 496 422 588 potius
436 492 600 589 Origenis
615 497 797 566 Refutatio
816 500 974 566 omniurn
992 498 1175 569 haeresium
1190 502 1312 570 decern

213 620 310 689 libris
332 619 451 689 divisa.
502 618 587 687 Tres
610 619 741 709 priores
766 620 844 689 libri
870 629 906 689 et
924 622 1062 690 initium
1083 625 1199 712 quarti
1225 624 1314 694 desi-

214 743 390 812 derantur.
445 741 481 810 Is
509 742 634 822 codex,
660 740 848 812 Michaelis
877 766 993 826 manu,
1021 744 1148 813 saeculo
1175 747 1314 816 decimo

213 872 337 955 quarto
366 872 530 933 exaratus
557 862 726 933 videtur.’'
779 864 859 933 Noc
885 867 969 934 satis
997 867 1114 935 mirari
1140 891 1243 958 queo,
1269 892 1313 938 ex

213 996 314 1056 tanta
339 988 521 1056 doctorum
550 986 733 1056 hominum
759 988 965 1076 frequentia,
985 989 1044 1078 qui
1072 989 1230 1078 quotidie
1256 1013 1314 1062 co·

214 1110 309 1179 dices
332 1119 470 1179 nostros
489 1120 638 1189 versant,
657 1111 835 1178 neminem
862 1109 956 1179 illius
981 1110 1189 1201 inspiciendi
1217 1115 1314 1205 cupi-

214 1231 364 1302 ditatem
396 1234 586 1302 incessisse.
644 1231 716 1302 Vel
748 1233 901 1322 primum
937 1231 1069 1312 folium,
1102 1232 1138 1300 in
1169 1255 1238 1323 quo
1270 1234 1315 1303 de

214 1355 460 1425 Chaldaeorum
477 1355 666 1448 astrologia
683 1355 876 1424 secundum
895 1353 1046 1423 Sextum
1065 1353 1314 1445 philosophum

214 1478 418 1569 Scepticum
437 1478 628 1558 disseritur,
646 1477 841 1568 perlectum
860 1477 903 1545 ad
924 1477 1168 1570 cognoscenda
1184 1488 1316 1548 caetera

214 1622 503 1691 unumquemque
527 1600 718 1668 invitasset.
765 1600 822 1668 lta
839 1600 924 1668 mihi
944 1600 1068 1669 relicta
1084 1610 1138 1671 est
1157 1601 1315 1671 thesauri

214 1722 328 1813 hujus,
355 1745 426 1791 non
455 1722 622 1801 inventio,
651 1721 712 1790 sed
743 1718 958 1812 ἀνακάλυψις,
986 1722 1138 1793 thesauri
1171 1726 1315 1815 inquam

215 1869 321 1936 quem
339 1869 421 1917 cum
434 1844 574 1929 Babrio,
588 1846 693 1937 poeta
710 1845 979 1937 elegantissimo,
988 1847 1064 1935 jam
1083 1869 1205 1917 omnes
1223 1850 1316 1919 inter

215 1971 332 2061 opima
362 1969 473 2063 spolia
498 1968 735 2038 numerabunt
761 1992 782 2037 α
807 1965 980 2059 Myrmidc
1005 1966 1120 2060 Myon
1148 1968 1316 2040 barbariae

215 2094 370 2163 tenebris
387 2102 520 2185 erepta.

266 2216 331 2285 Est
349 2216 406 2283 hic
428 2213 541 2283 codex
562 2211 802 2302 bombycinus
821 2213 992 2302 quadrata
1009 2215 1130 2296 forma,
1149 2217 1316 2288 foliorum

219 2354 298 2429 137,
331 2337 415 2404 satis
449 2333 675 2425 indiligenter
705 2342 869 2403 exaratus
905 2336 1061 2416 ineunte,
1088 2345 1130 2404 ut
1164 2337 1315 2415 videtur,

215 2456 340 2526 saeculo
359 2456 490 2527 XIVa
505 2455 685 2525 Michacle
702 2456 865 2545 quodam,
879 2458 939 2546 qui
958 2458 1180 2549 subscripsit:
1202 2456 1315 2552 Χερσὶ

216 2578 359 2673 Μιχαὴλ
388 2577 441 2659 ἥδε
470 2579 596 2665 βίβλος
626 2578 752 2650 τελέθει
782 2584 966 2674 γραφεῖσα.
1019 2580 1147 2650 Insunt
1177 2592 1315 2673 sept-em

216 2702 293 2772 libri
321 2702 489 2794 postremi
516 2703 630 2792 operis
655 2702 700 2771 ab
722 2701 877 2794 Origene
903 2701 1033 2791 scripti,
1052 2703 1146 2792 quod
1172 2704 1315 2794 penitus

216 2825 438 2915 deperditum
465 2823 670 2904 habebatur,
689 2834 873 2914 postquam
898 2824 1031 2913 primus
1054 2821 1145 2892 liber
1164 2824 1315 2894 Φιλοσο-

215 2946 381 3040 φουμένων
399 2945 587 3035 inscriptus
605 2945 687 3014 inde
705 2944 820 3014 fuerat
837 2944 988 3014 avulsus.
1041 2945 1128 3036 Ejus
1146 2944 1225 3017 libri
1245 2948 1314 3016 line

215 3089 325 3160 quum
349 3068 534 3158 promittat
551 3075 674 3135 auctor
691 3088 728 3134 se
746 3074 906 3135 veterum
927 3066 1215 3159 philosophorum
1236 3091 1314 3139 scn-

215 3192 345 3261 tcntias
379 3198 416 3259 et
447 3190 615 3259 doctrinae
649 3196 842 3280 systemata
875 3189 1144 3281 explicaturum,
1176 3193 1314 3262 duobus

214 3313 400 3381 minimum
427 3311 525 3382 libris
552 3310 749 3380 constitisse
773 3310 839 3380 hoc
864 3333 951 3403 opus
977 3313 1178 3404 apparebat.
1230 3313 1314 3382 Jam

214 3434 319 3524 hujus
336 3435 466 3504 codicis
484 3434 654 3503 beneficio
676 3431 906 3503 Oarosursnr
929 3453 1056 3502 oranrs
1079 3453 1168 3503 ocro
1185 3453 1313 3504 uranos

214 3556 441 3646 possidemus,
460 3557 487 3624 si
512 3578 640 3649 paucas
663 3555 806 3623 lacunas
825 3556 939 3645 quarti
958 3554 1036 3625 libri
1061 3556 1163 3624 initio
1181 3566 1218 3624 et
1237 3579 1313 3624 ver-

214 3698 273 3745 sus
307 3675 415 3745 finem
451 3676 577 3746 decimi
616 3677 780 3767 excipias
846 3676 1030 3747 Secundus
1065 3680 1311 3749 tantummodo

214 3807 321 3888 atque
345 3800 479 3880 tertius,
498 3823 543 3869 ex
562 3801 685 3869 decom
709 3800 877 3870 librorum
902 3824 1017 3893 opere,
1036 3802 1151 3871 adhuc
1175 3804 1312 3871 suntin

214 3921 422 4011 deperditis3
449 3931 554 4012 atque
572 3922 661 3992 adeo
679 3924 813 3992 dudum
831 3923 909 3994 illos
928 3946 1066 4016 prorsus
1084 3924 1226 4015 periisse
1245 3947 1311 3992 nec

212 4043 401 4134 quiequam
426 4044 589 4113 relictum
620 4067 695 4114 esse
724 4047 796 4135 spei
825 4046 909 4115 olim
937 4046 1237 4124 inveniendorum,
1265 4069 1310 4114 cx

213 4178 332 4233 nostro
367 4166 488 4235 codice
523 4167 674 4260 intelligi
705 4191 806 4258 posse
837 4170 986 4238 videtur.
1043 4169 1222 4238 Nimirum
1255 4168 1310 4235 vel

213 4284 273 4355 illo
291 4296 453 4378 temporo
472 4312 541 4378 quo
566 4290 704 4383 integer
720 4302 796 4361 erat
814 4294 945 4383 priores
967 4302 1037 4362 tres
1061 4292 1167 4361 libros
1186 4291 1230 4360 ab
1249 4270 1309 4358 illo
