2782 4972
110 324 153 385 80
551 318 766 388 ORIGENIS
1142 320 1196 383 1v.
1207 340 1259 399 44-

111 488 249 567 ὅέστιν
266 485 400 587 ἄρτιον,
422 485 442 565 5
463 484 658 591 ε’πιγροφέν
682 482 922 591 περιάψαντες
939 481 1205 585 θεραπεύουσιν.
1215 518 1241 574 55

112 614 263 693 Ούτωσὶ
280 613 338 690 καὶ
357 608 494 711 βοτάνη
511 646 565 696 τις
582 616 630 695 είς
648 620 755 690 τοῦτο
774 609 946 711 λήγουσα
970 620 1037 691 τοῦ
1063 614 1209 714 ἀριθμοῦ

111 739 240 836 ὁμοίως
257 743 495 843 περιαφθεῖσα
512 738 645 840 ἐνεργεῖ
664 734 722 815 διὰ
745 733 812 835 τὴν
830 737 955 834 ὁμοίαν
972 745 1039 816 τοῦ
1064 740 1209 840 ἀριθμοῦ

110 869 253 972 φήφον.
312 861 438 942 Ἀλλὰ
471 866 530 941 καὶ
562 859 682 966 ἰατρός
714 863 818 967 ὁμοίᾳ
849 861 968 970 ψήφιρ
1002 863 1210 966 ἀρρώστους

111 988 301 1093 θεραπεύει.
340 993 385 1067 El
402 985 440 1065 δέ
456 988 597 1066 ἐναντία
614 989 637 1086 ἡ
654 992 796 1094 ψῆφος,
815 989 857 1067 ού
874 988 1058 1092 θεραπεύει
1072 992 1207 1095 ῥᾳδίοις.

112 1116 263 1201 Τούτοις
287 1121 361 1198 τοῖς
385 1116 546 1217 ἀριθμοῖς
570 1114 811 1218 προσέχοντες
837 1114 911 1194 ὅσα
936 1114 1042 1213 ὅμοια
1066 1112 1244 1220 ᾗλογί·οο

113 1241 230 1344 ζονται
248 1239 339 1321 κατὰ
356 1239 457 1320 τόνδε
473 1238 537 1320 τὸν
557 1249 652 1319 νοῦν·
674 1242 694 1319 5
712 1238 776 1339 μὲν
795 1239 886 1319 κατὰ
900 1239 1093 1348 φωνήεντα
1109 1240 1207 1341 μόνα,

113 1373 146 1446 οἱ
178 1365 226 1463 δέ,
256 1364 347 1447 κατὰ
378 1362 498 1447 πάντα
526 1363 589 1445 τὸν
622 1361 785 1468 ἀριθμόν·
826 1363 971 1464 τοιαύτη
1004 1368 1064 1444 καὶ
1096 1367 1120 1465 ή
1148 1372 1207 1446 Αἱ·

112 1496 271 1596 γυτττίων
307 1492 436 1597 σοφία,
466 1491 508 1568 δι’
539 1491 582 1590 ἧς
619 1488 661 1571 τὸ
697 1496 791 1570 θεῖον
828 1489 988 1594 δοξάζειν
1025 1492 1210 1594 γινώσκειν

114 1615 329 1718 νομίζουσιν.

50 1763 103 1844 45
168 1746 314 1827 Ἱκανῶς
333 1742 395 1821 οὖν
413 1746 511 1821 δοκεῖ
524 1743 616 1842 ἡμᾶς
634 1748 692 1823 καὶ
709 1752 822 1825 ταῦτα
839 1746 1064 1824 ε’κτεθεῖσθαι.
1105 1746 1208 1825 Ἀλλ’
1215 1765 1242 1841 ⁶5

55 1942 60 1950 .
113 1871 185 1950 ἐπεὶ
218 1865 346 1969 νομίζω
375 1869 548 1968 μηδεμιαν
580 1866 693 1971 δόξαν
722 1875 786 1968 τῆς
814 1871 966 1972 ἐπιγείου
994 1874 1054 1949 καὶ
1082 1905 1207 1976 χαμαι-

113 2005 240 2080 πετοῦς
267 1996 402 2102 σοφίας
429 1996 745 2099 παραλελοιπέναι,
776 1999 839 2077 οὐκ
869 1996 1058 2101 ἄχρηστον
1086 1995 1125 2075 δὲ
1152 1995 1210 2097 τὴν

113 2130 161 2209 είς
193 2122 283 2204 αὐτὰ
315 2123 489 2230 φροντίδα
523 2125 594 2226 ὁρῶ
626 2123 711 2221 ἡμῖν
742 2122 977 2225 γεγενημένην
1012 2122 1111 2223 (οὐδὲ
1145 2124 1210 2228 γὰρ

112 2251 223 2349 μόνον
250 2247 340 2351 πρὸς
368 2248 519 2352 ἔλεγχον
544 2253 618 2325 τῶν
645 2246 816 2348 αἱρέσεων
847 2249 1049 2351 εὔχρηστον
1078 2249 1209 2350 ὁρῶμεν

113 2374 295 2475 γεγονέναι
323 2371 386 2452 τὸν
414 2370 540 2472 λόγον,
571 2369 672 2449 ἀλλὰ
699 2374 757 2449 καὶ
783 2368 875 2473 πρὸς
901 2368 1030 2455 αύτούς
1057 2370 1144 2458 τούς
1167 2371 1245 2467 τὰῑο

114 2497 205 2578 αὐτὰ
232 2495 477 2603 δοξάζοντας),
509 2503 541 2577 οἱ
569 2495 772 2602 ἐντυχόντες
798 2500 843 2603 τῇ
871 2496 1087 2602 γεγενημένη
1115 2499 1209 2597 ἡμῶν

115 2625 374 2730 πολυμεριμνίᾳ
405 2630 463 2702 καὶ
499 2624 541 2703 τὸ
578 2626 776 2702 σπουδαῖον
811 2619 1044 2720 θαυμάσουσι
1077 2627 1137 2703 καὶ
1170 2622 1209 2704 τό

117 2749 318 2858 φιλόπονον
345 2753 408 2830 οὐκ
431 2748 722 2853 ἐξουθενήσουσι,
743 2750 801 2827 καὶ
818 2744 959 2850 μωροὺς
977 2750 1042 2827 οὐκ
1067 2753 1208 2858 ἀποφα·

25 2905 66 2951 20
80 2909 107 2951 v.
118 2888 259 2958 νοῦνται
277 2872 518 2981 Χριστιανούς
535 2872 702 2959 ἐνιδόντες
720 2872 772 2959 οἷς
790 2876 890 2954 αὐτοὶ
913 2880 1043 2977 μωροῖς
1066 2875 1207 2958 πιστεύ-

118 3038 233 3084 ουσιν.
294 3001 378 3083 Ἔτι
416 3001 453 3080 δὲ
491 3004 549 3080 καὶ
584 2997 668 3084 τούς
703 3003 749 3105 τῇ
785 3002 934 3105 ἀληθείᾳ
968 3002 1245 3108 προσεχονταςης

117 3136 328 3237 φιλομαθεῖς
359 3126 578 3232 προβιβοὶσει
614 3131 634 3207 ὁ
665 3125 776 3228 λόγος
809 3127 1095 3234 φρονιμωτέρους
1125 3130 1211 3233 πρὸς

116 3256 158 3336 τὸ
176 3254 226 3357 μὴ
244 3255 355 3357 μόνον
372 3254 437 3340 τὰς
449 3262 522 3335 τῶν
541 3253 712 3356 αἱρέσεων
729 3251 909 3352 μαθόντας
926 3252 1042 3358 ἀρχὰς
1060 3256 1212 3350 εὐκόλως

948 3377 1190 3410 ’λλλ

115 3381 321 3484 ἀνατρέπειν
348 3379 432 3467 τούς
457 3384 604 3485 πλανᾷν
632 3375 908 3478 τετολμηκότας,
935 3388 1037 3456 αλλα
1065 3414 1125 3459 και
1150 3416 1212 3465 τας

115 3515 187 3587 τῶν
205 3514 336 3613 σοφῶν
354 3507 551 3607 λεγομένας
570 3502 692 3607 δόξας,
714 3502 765 3584 ὧν
783 3506 847 3584 ούκ
865 3508 1001 3607 ἄπειροι
1019 3504 1208 3605 γενόμενοι,

116 3634 187 3712 οὐδ’
218 3633 275 3712 ὑπ’
305 3637 421 3712 αὐτῶν
451 3630 742 3736 ταραχθήσονται
776 3633 824 3715 ὦς
856 3634 1012 3729 ἀμαθεῖς,
1043 3632 1117 3711 οὐδ
1146 3631 1248 3715 ύιτόςο

115 3792 221 3836 τινων
247 3755 544 3856 πλανηθήσονται
572 3761 621 3841 ὡς
649 3755 792 3857 δυνοίμει
818 3761 886 3837 τινὶ
916 3757 1096 3860 δρώντων,
1127 3760 1208 3837 ἀλλ’

115 3883 165 3962 ἔτι
183 3885 242 3961 καὶ
258 3879 342 3967 τούς
359 3883 613 3982 πλανωμένους
629 3883 920 3987 ε’πιτηρήσουσιν.

53 4019 107 4116 46
170 4011 316 4093 Ἱκανιῖς
346 4010 408 4088 οὖν
435 4007 481 4088 τὰ
510 4007 666 4112 δόξαντα
692 4007 880 4109 έκθέμενοι,
909 4008 1039 4092 λοιπὸν
1065 4011 1123 4089 ε’ττὶ
1148 4007 1211 4107 τὴν

115 4145 179 4216 τοῦ
202 4135 433 4237 προκειμένου
456 4137 701 4239 πραγματείαν
727 4135 961 4241 χωρήσωμεν,
987 4136 1084 4222 ὅπως
1109 4136 1129 4217 5
1155 4168 1208 4215 τε·

156 4409 204 4483 58.
221 4407 293 4465 cod.
307 4410 393 4483 ὁμοίη.
724 4406 743 4463 6
745 4420 772 4482 5.
788 4407 858 4483 Leg.
876 4408 944 4478 ἡμῖν.

156 4490 203 4545 61.
220 4488 305 4546 Haud
320 4488 404 4546 dubie
418 4488 475 4564 leg.
490 4492 514 4544 ol
526 4490 580 4559 μέν.
726 4501 772 4562 77.
788 4488 842 4544 Pro
856 4490 901 4545 τὰς
913 4488 980 4545 fort.
994 4489 1064 4546 τούς.
