2782 4972
135 297 199 363 306
576 292 797 357 ORIGENIS
1192 287 1247 350 lx.
1260 283 1303 347 τί·

136 454 359 560 εἱμαρμένην,
385 456 433 537 ὡς
460 451 540 531 τινὰ
568 450 632 549 μέν
658 451 714 557 ἐφ’
740 453 840 550 ἡμῖν,
862 451 948 529 τινά
975 451 1018 531 δέ
1045 455 1117 548 τῆς
1145 454 1254 548 εἱμαρ-

137 581 257 679 μένης,
290 577 385 659 Θεὸν
412 579 449 658 δέ
482 574 629 656 πάντων
660 573 748 655 εἶναι
776 576 904 673 αἴτιον,
939 580 1003 656 καὶ
1031 574 1152 675 μηδέν
1182 575 1253 651 ἀνευ

138 706 338 805 θελήματος
362 707 471 784 αι’ττοῦ
496 707 702 783 διοικεῖσθαι
723 701 747 803 ἢ
772 703 1006 802 συμθοίνειν.
1060 703 1179 782 Οὗτοι
1203 704 1250 778 καὶ

138 829 275 934 σαρκὸς
302 827 506 909 ἀνάστασιν
538 832 764 929 ὁμολογοῦσι
795 834 855 907 καὶ
886 827 1022 933 ψυχὴν
1059 826 1246 921 ἀθάνατον,
1254 856 1281 912 50

138 960 197 1034 καὶ
224 957 343 1057 κρίσιν
370 953 546 1051 ἐσομένην
573 958 631 1032 καὶ
660 952 876 1056 ἐιστιίρωσιν,
906 956 969 1031 καὶ
1005 952 1166 1036 δικαίους
1190 950 1247 1048 μὲν

138 1077 344 1186 ἀφθάρτους
375 1080 537 1176 ἔσεσθαι,
567 1082 708 1164 ἀδίκους
736 1078 772 1157 δέ
801 1082 912 1159 εἰσαεὶ
943 1079 1244 1178 κολασθήσεσθαι

138 1210 177 1284 ἐν
197 1210 284 1308 πυρὶ
301 1204 487 1311 ἀσβέστῳ.

259 1341 274 1357 .
377 1331 386 1358 .
458 1332 474 1368 ,
563 1333 574 1360 .
742 1338 758 1354 .
1057 1338 1074 1353 ..
1155 1331 1163 1357 .
1211 1328 1219 1349 ι

78 1360 130 1436 29
196 1339 320 1412 Ταυτα
344 1366 408 1430 μεν
433 1365 496 1410 ουν
519 1366 577 1409 και
596 1338 799 1434 Φαρισαιοι.
860 1335 1103 1411 Σαδδουκαιοι
1127 1334 1164 1410 δε
1183 1364 1242 1425 την

138 1458 203 1554 μὲν
224 1458 438 1559 εἱμαρμένην
462 1460 661 1559 ἀναιροῦσι,
685 1455 789 1567 [καὶ]
817 1453 909 1565 τδ[ν
932 1455 1058 1565 Θεὸν]
1080 1454 1189 1554 μηδέν
1211 1488 1239 1532 τι
1247 1481 1273 1540 „35

138 1581 248 1661 κακὸν
271 1586 360 1684 δρᾶν
378 1580 400 1680 ἢ
419 1584 554 1689 ἐφορᾶν
578 1585 836 1682 ὁμολογοῦσιν,
856 1577 945 1659 εἶναι
975 1583 1014 1660 δέ
1039 1579 1087 1684 ἐξ
1109 1579 1236 1682 ἀνθρά-

31 1734 217 1786 ιιιν.πιον
235 1704 405 1810 ἐξουσίαν
423 1705 465 1786 τῦ
491 1711 664 1809 αἱρεῖσθαι
687 1704 729 1786 τῦ
755 1703 893 1806 ἀγαθὸν
911 1703 934 1803 ἢ
955 1703 1083 1784 κακόν.
1134 1701 1235 1782 Ἀνά-

139 1868 275 1912 στασιν
295 1832 331 1910 δέ
349 1835 537 1934 ἀρνοῦνται
556 1836 597 1912 οὐ
615 1831 724 1930 μόνον
742 1829 894 1933 σαρκὸς,
915 1830 1021 1909 ἀλλά
1042 1835 1104 1909 καὶ
1122 1826 1237 1936 ψυχὴν

138 1957 189 2058 μὴ
208 1959 379 2058 διαμένειν
398 1956 592 2058 νομίζουσι·
618 1957 772 2068 [ταύτην
791 1957 849 2067 δέ]
871 1954 958 2036 εἶναι
977 1958 1095 2056 μόνον
1113 1956 1155 2037 τὸ
1173 1956 1237 2058 ζῆν,

139 2088 198 2163 καὶ
223 2095 329 2165 τοῦτο
354 2083 390 2162 δέ
416 2080 502 2161 εἶναι
531 2084 572 2162 οῦ
598 2081 704 2187 χάριν
729 2082 866 2183 ἐγένετο
892 2083 1100 2185 ἅνθρωπος·
1131 2084 1180 2161 ἐνὶ
1205 2080 1273 2161 δέὀο

139 2245 190 2314 τερ
208 2214 439 2312 πληροῦσθαι
454 2206 517 2287 τὸν
530 2212 595 2307 τῆς
612 2206 846 2294 ἀναστάσεως
864 2207 992 2311 λόγον,
1006 2211 1045 2288 ἐν
1062 2214 1117 2317 τῷ
1135 2245 1236 2289 κατα·

139 2332 337 2435 λείφαντας
354 2333 411 2408 ἐπὶ
434 2334 502 2429 γῆς
519 2329 565 2408 τὰ
582 2329 685 2409 τέκνα
702 2338 882 2410 τελευτᾶν·
912 2329 1006 2430 μετὰ
1028 2332 1066 2410 δέ
1090 2330 1238 2411 θάνατον

137 2452 246 2550 μηδὲν
273 2451 424 2553 ἐλπίζειν
448 2462 573 2534 παθεῖν
596 2453 618 2553 ἢ
642 2451 752 2534 κακὸν
773 2453 795 2554 ἢ
817 2455 968 2556 ἀγαθάν.
1034 2456 1156 2537 Λύσιν
1173 2456 1238 2559 γάρ

138 2575 286 2656 ἔσεσθαι
318 2579 376 2655 καί
404 2583 527 2682 φυχῆς
555 2583 612 2657 καὶ
643 2576 812 2677 σώματος
841 2583 899 2658 καὶ
930 2586 978 2665 εἶς
1007 2581 1053 2662 τῦ
1080 2581 1132 2682 μὴ
1159 2580 1237 2661 εἶναι

138 2708 265 2806 χωρεῖν
292 2700 356 2781 τὸν
383 2702 587 2804 ἄνθρωπον,
611 2705 687 2782 καθ
712 2703 732 2783 δ
759 2705 816 2782 καὶ
843 2701 889 2783 τά
917 2703 1033 2784 λοιπά
1056 2704 1143 2811 ζῷα
1173 2704 1272 2798 ὅσιός

139 2829 168 2905 δ
189 2827 234 2907 ἀν
262 2827 380 2933 δράσῃ
405 2827 593 2931 ἅνθρωπος
613 2832 650 2908 ἐν
674 2836 725 2937 τῷ
746 2832 815 2938 βίῳ
839 2829 949 2909 κακὸν
973 2831 1168 2934 ἅνθρωπος
1183 2833 1235 2908 καὶ

139 2959 358 3060 διαλλαχθῇ,
380 2954 559 3059 κεκέρδηκε
578 2953 644 3053 τὴν
664 2957 732 3036 ὑπὸ
754 2956 952 3060 ἀνθρώπων
971 2956 1163 3064 διαφυγὼν
1179 2955 1232 3036 κό-

137 3091 263 3158 λασιν·
293 3081 362 3175 ὅ,τι
389 3081 418 3158 δ
447 3079 492 3158 ἀν
525 3081 699 3180 κτήσηται
729 3085 786 3161 καὶ
816 3081 1031 3181 πλουτήσας
1060 3082 1231 3186 δοξασθῇ,

136 3213 243 3283 τοῦτο
271 3206 464 3308 κεκέρδηκε·
498 3207 617 3304 με’λειν
645 3209 682 3286 δέ
709 3213 778 3314 θεῷ
804 3205 913 3306 μηδὲν
941 3215 1015 3286 τῶν
1044 3206 1136 3287 κατά
1162 3208 1228 3285 ἕνα.

139 3335 211 3409 Καὶ
239 3337 271 3410 οἱ
299 3332 363 3430 μέν
392 3339 583 3434 Φαρισαῖοι
611 3331 851 3439 φιλάλληλοι,
880 3337 913 3411 οἱ
938 3330 976 3410 δέ
1005 3338 1230 3413 Σαδδουκαῖοι
1238 3362 1265 3420 70

136 3458 316 3562 φίλαυτοι.
368 3460 469 3557 Αὕτη
491 3459 513 3555 ἡ
537 3458 671 3560 αἵρεσις
689 3463 768 3560 περὶ
785 3456 851 3556 τὴν
870 3456 1076 3560 Σαμάρειαν
1092 3466 1228 3558 μᾶλλον

135 3580 341 3680 ἐκρατύνθη.
405 3587 477 3663 Καὶ
505 3586 604 3663 αὐτοὶ
632 3584 668 3661 δέ
691 3590 765 3667 τοῖς
783 3592 847 3663 τοῦ
872 3582 984 3681 νόμου
1001 3584 1098 3664 ε”θεσι
1115 3617 1224 3686 προσ·

136 3706 271 3809 ἔχουσι,
291 3708 456 3807 λε’γοντες
485 3713 555 3787 δεῖν
584 3712 675 3787 οὕτω
703 3706 768 3808 ζῆν
794 3709 852 3787 ἵνα
880 3716 1002 3793 καλῶς
1028 3709 1150 3813 βιώσῃ
1176 3712 1225 3786 καὶ

177 3984 225 4046 55.
249 3970 407 4027 Literarum
435 3974 512 4028 uncis
541 3973 661 4029 inclusa·
706 3973 742 4029 tis
757 3982 835 4029 certa
849 3972 969 4046 vestigia
983 3974 1096 4029 adsunt.

134 4069 197 4106 rum
207 4051 662 4127 tenuissimavestigiasupersuntss
747 4052 855 4108 60-61.
871 4053 944 4108 Cod.
959 4053 987 4108 ἐν
1000 4055 1028 4108 δι’
1040 4058 1078 4128 τῷ
1091 4057 1168 4126 πληρ.

135 4130 321 4187 Restituimus
342 4150 377 4188 ex
397 4133 524 4207 Josepho
546 4134 579 4190 B.
594 4134 660 4189 Jud.
746 4132 793 4186 66.
809 4134 941 4189 Fortasse
954 4132 1091 4205 ἄνθρωπον
1102 4136 1138 4191 ἐν.

135 4209 174 4274 ΙΙ,
188 4211 215 4274 8,
233 4216 246 4280 §
263 4230 307 4282 14.
745 4213 793 4287 67.
810 4213 881 4268 Cod.
897 4214 1034 4285 διαλαχθῆ.

175 4308 223 4362 57.
239 4291 352 4366 Corrig.
366 4292 477 4347 videtur
491 4297 536 4346 τοῦ
549 4295 600 4364 alp.
743 4292 781 4348 ib.
799 4293 872 4349 Cod.
889 4293 929 4347 διὰ
943 4296 1044 4364 φυγῶν.

173 4386 221 4443 59.
232 4371 390 4427 Exesorum
402 4372 603 4428 vocabulorum
615 4390 659 4427 sa·
743 4373 793 4447 69.
809 4372 882 4428 Cod.
896 4372 1009 4441 μελλειν.
