2782 4972
124 292 189 358 316
573 286 793 352 ORIGENIS
1191 286 1230 349 Χ.
1239 304 1288 347 10-

125 461 224 563 ἀφιεῖ
239 457 326 551 εἰκῆ,
349 455 406 531 καὶ
425 451 654 530 κολασθέντα
677 451 940 548 ἀποπέμπεται.
995 451 1082 531 Δύο
1101 450 1141 529 δὲ
1160 447 1267 539 dms

126 582 215 682 μέρη
234 578 281 659 τὰ
302 575 489 678 σωζόμενα
511 576 624 677 λέγει,
644 576 691 657 τὰ
708 579 952 679 ὑπερκείμενα,
976 578 1235 679 ἀπαλλαγέντα

126 712 190 806 τῆς
209 712 360 811 φθορᾶς·
391 701 434 783 τό
457 703 494 782 δὲ
513 706 635 805 τρίτον
653 702 906 800 ἀπόλλυσθαι,
929 703 971 782 δν
989 703 1138 803 κόσμον
1156 704 1235 781 ἴδιον

130 839 241 912 καλεῖ.
291 837 418 910 Ταῦτα
436 833 495 909 καὶ
515 834 547 908 οἱ
568 836 737 932 Περᾶται.

72 991 115 1041 11
186 963 273 1040 Τοῖς
305 954 341 1033 δέ
374 961 552 1038 Σιθιανοῖς
583 959 689 1051 δοκεῖ,
720 955 775 1034 ὅτι
805 962 879 1035 τῶν
913 955 1017 1034 ὅλων
1050 958 1122 1035 εἰσὶ
1151 962 1235 1057 τρεῖς

130 1086 238 1188 ἀρχαὶ
262 1080 548 1183 περιωρισμέναι.
597 1078 761 1178 Ἐκοίστη
789 1079 826 1160 δὲ
852 1088 928 1161 τῶν
955 1085 1085 1186 ἀρχῶν
1110 1081 1270 1187 πέφυκερ

132 1210 307 1288 δύνασθαι
334 1207 500 1308 γενέσθαι
529 1211 577 1290 ὡς
604 1210 642 1285 ἐν
669 1209 873 1311 ἀνθραπτίνη
894 1212 1003 1313 ψυχῇ
1033 1216 1143 1288 πᾶσα
1168 1210 1235 1307 ἥτις

24 1361 81 1426 127
97 1367 122 1407 τ.
132 1337 194 1414 οὖν
223 1333 459 1431 διδασκομένη
487 1332 592 1437 τέχνη
621 1336 725 1410 οἱονεὶ
751 1332 902 1432 γένοιτο,
928 1336 1079 1414 παιδίον
1106 1338 1235 1439 αὐλητῇ

131 1461 296 1562 γενέσθαι
325 1462 458 1556 αὐλεῖν,
481 1457 504 1557 ἦ
532 1457 713 1561 γεωμέτρη
740 1465 963 1563 γεωμετρεῖν,
988 1458 1012 1558 ἦ
1043 1465 1116 1540 τινὶ
1140 1462 1235 1566 τέχνη

133 1587 272 1683 ὁμοίως.
324 1589 373 1663 Αἱ
391 1582 429 1662 δὲ
445 1590 518 1662 τῶν
537 1586 673 1688 ἀρχῶν,
694 1587 822 1689 φασὶν,
842 1586 966 1663 οὐσίαι
989 1591 1064 1666 εἶσὶ
1083 1592 1163 1693 φῶς
1185 1588 1235 1663 καί

133 1709 276 1793 σκότος.
337 1708 487 1788 Τούτων
515 1708 557 1785 δέ
578 1710 677 1788 ἐστιν
704 1712 742 1788 ἐν
768 1708 870 1815 μέση)
895 1719 1041 1809 πνεῦμα
1067 1711 1232 1813 ἀκέραιον·
1241 1734 1269 1797 55

133 1834 176 1915 τὸ
196 1836 233 1914 δὲ
254 1845 393 1933 πνεῦμα
410 1833 453 1914 τὸ
472 1835 688 1934 τεταγμένον
705 1837 741 1913 ἐν
758 1833 860 1940 μέσερ
877 1845 943 1915 τοῦ
966 1835 1140 1935 σκότους,
1160 1838 1236 1939 ὅπερ

135 1965 214 2042 ἐστὶ
242 1960 351 2057 κάτω,
371 1963 429 2039 καὶ
456 1969 521 2039 τοῦ
543 1957 678 2066 φωτός,
700 1959 786 2063 ὅπερ
806 1962 907 2040 ἐστὶν
934 1962 1029 2059 ἅνω,
1054 1964 1234 2064 λέγουσιν,

135 2091 199 2167 οὐκ
226 2088 304 2168 ἔστι
331 2096 469 2184 πνεῦμα
495 2089 544 2169 ὡς
570 2087 697 2186 ἄνεμος
724 2085 747 2186 ἢ
774 2086 859 2192 ῥιπὴ
887 2085 910 2186 ἢ
936 2089 1059 2189 λεπτή
1082 2126 1139 2175 τις
1155 2092 1237 2192 αὖρα

137 2217 304 2310 νοηθῆναι
330 2212 520 2310 δυναμένη,
541 2213 626 2291 ἀλλ’
648 2215 753 2292 οἱονεί
774 2249 828 2298 τις
851 2212 950 2312 ὀσμὴ
976 2213 1113 2317 μύρου,
1133 2214 1156 2313 ἦ
1179 2221 1235 2294 θυ

135 2335 312 2434 μιοίμοιτος
334 2339 372 2414 ἐκ
396 2337 598 2423 συνθέσεως
623 2338 971 2441 κατασκευαζομένου
997 2346 1149 2440 λεπτῆς,
1169 2345 1272 2418 Bao-60

136 2461 300 2541 δεύσασα
328 2461 476 2561 δύναμις
502 2465 718 2573 ἀνεπινοήττρ
744 2468 813 2545 τινὶ
840 2470 898 2544 καὶ
925 2468 1101 2570 κρείττονι
1131 2464 1236 2567 λόγου

137 2594 235 2695 φορᾷ
266 2591 422 2673 εὐωδίας.
482 2590 583 2670 Ἐπεὶ
615 2593 734 2672 τοίνυν
765 2594 864 2672 ἐστὶν
895 2592 972 2671 ἅνω
1005 2591 1049 2673 τό
1079 2600 1160 2700 φῶς
1185 2596 1235 2671 καὶ

138 2713 234 2794 κάτω
262 2715 303 2794 τὸ
332 2714 478 2812 σκότος,
509 2719 566 2794 καὶ
593 2717 729 2798 τούτων
755 2718 868 2818 μέσον
892 2716 935 2799 τό
960 2729 1118 2818 πνεῦμα,
1138 2715 1234 2800 τδδέ

138 2848 218 2946 φῶς
243 2844 341 2926 ἀκτὶς
363 2842 467 2939 ἡλίου
493 2842 627 2921 ἄνωθεν
653 2841 892 2942 ἐκλοίμπουσα
912 2849 961 2928 είς
983 2844 1029 2924 τὸ
1059 2849 1233 2943 ὑποκείμε-

138 3003 200 3046 νον
223 2966 367 3061 σκότος,
389 2969 410 3066 ἡ
437 2966 473 3045 δὲ
500 2977 564 3047 τοῦ
585 2968 786 3068 πνεύματος
807 2973 933 3050 εὐωδία
955 2971 1102 3078 φέρεται
1126 2973 1269 3072 με’σηνός

135 3093 272 3197 ἔχουσα
295 3092 401 3196 τοίξιν
428 3097 485 3172 καὶ
512 3093 694 3197 ἐξικνεῖται
719 3095 884 3200 ὥσπερὴ
910 3105 984 3177 τῶν
1009 3099 1235 3198 θοιναμάτων

136 3218 233 3317 ὀσμὴ
270 3222 326 3299 ἐπὶ
362 3226 414 3325 τῷ
451 3225 536 3323 πυρὶ
570 3222 726 3328 φέρεται,
760 3222 925 3323 τοιαύτης
958 3223 995 3302 δὲ
1033 3230 1147 3325 οὔσης
1176 3229 1236 3323 τῆς

135 3344 314 3444 δυνάμεως
342 3353 415 3424 τῶν
448 3349 665 3451 διῃρημένων
692 3357 823 3455 τριχῶς
854 3359 919 3430 τοῦ
951 3351 1154 3451 πνεύματος
1181 3354 1235 3429 καὶ

134 3479 198 3548 τοῦ
217 3470 349 3574 φωτός,
372 3475 462 3571 ὁμοῦ
488 3476 567 3554 ἐστὶ
589 3473 685 3554 κάτω
709 3475 731 3572 ἡ
757 3475 903 3575 δύναμις
921 3478 959 3553 ε’ν
976 3481 1029 3584 τῷ
1051 3475 1172 3557 σκότει
1187 3480 1235 3584 τῷ

135 3597 419 3704 ὑποτεταγμένῳ,
440 3597 483 3678 τό
509 3597 546 3677 δέ
572 3598 704 3684 σκότος
731 3603 826 3702 ὕδωρ
846 3597 932 3679 εἶναι
951 3607 1049 3707 φασὶ
1067 3602 1273 3710 φοβερὸν,70

133 3724 180 3803 εἰς
199 3721 219 3798 δ
238 3723 485 3804 κατέσπασται
503 3724 608 3835 [καὶ]
625 3728 867 3826 μετενήνεκται
880 3733 929 3812 εἰς
943 3728 1113 3829 τοιαύτην
1125 3729 1236 3834 φύσιν

132 3843 220 3939 μετὰ
242 3856 306 3925 τοῦ
331 3850 530 3947 πνεύματος
554 3850 596 3930 τδ
616 3858 707 3957 φῶς.
760 3850 941 3954 Φρόνιμσν
962 3851 1089 3933 οὖντὸ
1107 3852 1235 3935 σκότος

173 4088 222 4142 47.
239 4073 311 4129 Cod.
326 4076 481 4132 ἀπόλυσθοι.
705 4082 859 4154 γεωμέτρην,
875 4083 1016 4151 ἦῄτινιοῦν
1028 4082 1106 4154 τέχνη
1120 4086 1163 4152 δμ.

172 4168 283 4226 52—53.
305 4154 425 4231 Corrige
446 4176 481 4214 ex
501 4160 593 4234 capite
617 4161 664 4217 ubi
748 4161 796 4217 62.
813 4162 913 4218 Codex
927 4165 1023 4235 φορᾶς.

131 4229 165 4284 de
192 4231 328 4290 Sithianis
350 4237 452 4312 agitur,
475 4240 536 4295 cod.
556 4241 605 4296 fol.
622 4241 661 4313 48
749 4258 793 4316 71.
817 4242 926 4298 Inserui
955 4244 1004 4306 καί,
1030 4243 1108 4316 quod
1133 4242 1235 4317 legitur

129 4309 185 4365 fine
200 4314 286 4369 recti:
305 4319 406 4371 παιδίον
418 4319 599 4393 [ἐγχρονίσον]
614 4325 660 4375 οὐ·
704 4341 756 4378 suo
770 4323 833 4379 loco
848 4324 877 4380 in
892 4323 984 4398 capite
998 4323 1035 4380 de
1050 4322 1198 4381 Sithianis.

128 4387 192 4459 λητῇ
213 4394 331 4461 γενέσθαι
352 4400 471 4468 αὐλητὴν,
494 4401 509 4467 ἦ
530 4402 660 4473 γεωμέτρῃ
