2782 4972
132 306 198 369 318
578 278 797 361 ORIGENIS
1191 294 1291 359 xn-

134 473 232 551 ὅλων
251 466 405 569 γένεσιν.
456 471 598 544 Τοῦτον
617 463 654 541 δὲ
676 459 764 543 εἶναι
782 472 926 562 πνεῦμα
943 464 1086 561 άνεμον
1103 461 1258 563 λέγουσιι

135 595 271 677 τέλειον
290 592 371 673 θεὸν
394 594 432 671 ἐκ
450 596 515 690 τῆς
532 598 606 671 τῶν
625 588 764 670 ὑδάτων
786 593 845 669 καὶ
868 594 936 688 τῆς
953 597 1024 668 τοῦ
1051 588 1241 687 πνεύματος

136 722 280 804 εὐωδίας
314 721 373 797 καὶ
410 715 532 824 φωτὸς
569 713 803 815 λαμπηδόνος
836 711 1042 816 γεγονέναι,
1075 719 1133 793 καὶ
1165 711 1239 791 εἶναι

137 845 298 949 γέννημα
316 845 460 943 θηλείας
479 851 564 921 νοῦν
581 842 645 921 τὸν
666 842 801 921 άνωθεν
825 845 1016 943 σπινθῆρα
1042 838 1141 920 κάτω
1163 842 1240 917 άνα·

138 967 355 1072 μεμιγμένον
377 965 449 1047 σὺν
467 970 640 1068 τοῖςπερὶ
662 967 870 1068 συγκρίτοις
890 965 1070 1064 σώματος
1089 963 1242 1045 σπεύδειν
1248 998 1262 1058 5

140 1102 198 1177 καὶ
220 1096 377 1202 φεύγειν,
397 1090 601 1199 ἐκφυγόντα
628 1091 842 1194 πορεύεσθαι
868 1093 929 1170 καὶ
953 1089 1026 1189 τῆν
1050 1092 1162 1172 λύσιν
1185 1093 1243 1194 ούχ

140 1223 314 1325 εὑρίσκειν
332 1217 389 1296 διὰ
408 1215 473 1315 τῆν
491 1219 528 1295 ἐν
546 1224 619 1302 τοῖς
639 1219 745 1296 ὕδασι
764 1216 875 1296 δέσιν.
929 1215 1002 1297 Διό
1025 1216 1119 1312 ἐβόα
1135 1219 1171 1295 ἐκ
1187 1221 1242 1313 τῆς

140 1355 213 1425 τῶν
244 1343 381 1423 ὑδάτων
407 1340 537 1445 μίξεως
565 1341 655 1421 κατὰ
679 1340 743 1421 τὸν
766 1340 978 1449 φαλμιρδδν
1007 1346 1061 1428 ὡς
1085 1340 1240 1444 λέγουσι·

143 1484 164 1518 “
178 1478 293 1551 Πᾶσα
308 1472 371 1548 οὖν
384 1470 407 1568 ῆ
422 1473 567 1576 φροντὶς
586 1477 651 1549 τοῦ
669 1468 744 1547 ἅνω
757 1467 879 1573 φοπός
890 1468 1006 1565 ἔστιν,
1024 1468 1127 1554 ὅπως
1139 1468 1240 1573 ῥύοη·

142 1631 200 1674 ται
219 1593 282 1674 τὸν
306 1592 402 1674 κάτω
427 1599 610 1698 σπινθῆρα
628 1590 699 1673 άπὸ
722 1602 786 1672 τοῦ
805 1590 902 1672 κάτω
921 1593 1088 1696 πατρὸς”
1108 1591 1239 1693 ἀνέμου,
1251 1634 1276 1671 ιο

141 1722 382 1824 ἐπεγείροντος
399 1718 571 1824 βρασμὸν
589 1723 647 1798 καὶ
664 1716 822 1823 τάραχον
844 1721 903 1797 καὶ
927 1720 1048 1827 ἑαυτῷ
1072 1731 1157 1801 νοῦν
1172 1756 1240 1801 ποι·

143 1846 301 1946 ήσαντος
320 1849 384 1926 οὐκ
409 1847 496 1926 ὄντα
521 1849 630 1926 αὑτοῦ
647 1843 855 1952 φάσκουσα
880 1843 1007 1924 ἰδόντα
1030 1844 1100 1926 τὸν
1120 1845 1242 1926 τέλειον

144 1970 259 2072 λόγον
286 1982 350 2051 τοῦ
377 1972 511 2051 άνωθεν
538 1970 658 2078 φωτὸς
684 1968 793 2050 αὑτὸν
820 1970 1155 2076 άπομορφάσαντα
1177 1971 1241 2049 εἴδω

144 2098 260 2203 ὄφεως
283 2093 518 2202 κεχωρηκέναι
539 2099 576 2175 ἐν
594 2095 726 2201 μήτρᾳ,
746 2095 805 2174 ἵνα
828 2092 894 2175 τὸν
919 2105 1009 2175 νοῦν
1032 2094 1242 2176 ἐκεῖνοντὸν

143 2226 181 2302 ἐκ
199 2233 263 2302 τοῦ
282 2224 403 2329 φωτὸς
422 2228 604 2325 σπινθῆρα
628 2225 823 2315 ἀναλαβεῖν
842 2224 990 2324 δυνηθῇ.
1055 2225 1133 2301 Καὶ
1150 2231 1276 2315 τοῦτοτ,

144 2345 289 2428 εἶναιτὸ
308 2347 504 2451 εἰρημένον,
526 2347 633 2433 “Ὃς
658 2351 695 2427 ἐν
716 2351 840 2453 μορφῇ
866 2352 948 2425 θεοῦ
975 2345 1167 2451 ὑπάρχων,
1187 2350 1243 2449 οὑχ

144 2471 336 2575 ἁρπαγμόν
361 2475 527 2575 ἡγήσατο
552 2473 593 2555 τὸ
621 2471 707 2553 εἶναι
731 2473 797 2553 ἰ’σα
820 2476 900 2578 θεῷ,
921 2474 1010 2552 ἀλλ’
1032 2472 1162 2554 ἑαυτὸν
1177 2469 1240 2551 ε’κέ·

38 2614 97 2678 128
110 2634 135 2674 r.
147 2634 240 2679 νωσε
268 2599 415 2706 μορφὴν
437 2600 570 2681 δούλου
596 2599 757 2694 λαβόν.”
809 2603 880 2679 Καὶ
907 2598 1044 2698 ταύτην
1072 2596 1242 2696 εἶναιτὴν

145 2724 291 2832 μορφὴν
325 2731 358 2805 οἱ
390 2729 640 2825 κακοδαίμονες
669 2722 819 2805 θέλουσι
847 2725 905 2803 καὶ
941 2723 1239 2835 πολυπή[μονες]

148 2854 316 2930 Σιθιανοί.
358 2859 484 2932 Ταῦτα
501 2851 565 2952 μέν
585 2854 647 2931 οὑν
665 2855 723 2931 καὶ
742 2851 837 2931 οῦτοι
855 2845 1045 2950 λέγουσιν.
1248 2884 1275 2923 ιο

89 3001 133 3056 12
200 2979 248 3057 ‘O
269 2975 305 3054 δέ
326 2976 519 3084 πάνσοφος
538 2979 659 3076 Σίμων
677 2979 788 3061 οὕτως
805 2972 915 3076 λέγει·
941 2972 1148 3078 ἀπέραντον
1167 2972 1240 3054 εἶναι

146 3102 306 3201 δύναμιν,
338 3103 472 3202 ταύτην
504 3102 638 3209 ρίζωμα
669 3109 742 3184 τῶν
774 3103 871 3182 ὅλων
900 3098 1000 3180 εἶναι.
1054 3099 1170 3181 Ἔστι
1197 3100 1239 3195 δέ,

145 3230 273 3332 φησὶν,
300 3229 323 3327 ἡ
352 3227 549 3332 ἀπέραντος
578 3230 722 3328 δύναμις
749 3227 791 3308 τὸ
818 3235 892 3329 πῦρ
920 3228 998 3305 καθ
1023 3225 1125 3324 αὑτό,
1150 3226 1241 3306 οὐδέν

144 3356 285 3433 ἁπλοῦν
307 3354 466 3458 καθάπερ
485 3359 518 3434 οἱ
542 3359 678 3435 πολλοὶ
696 3357 798 3434 ἁπλᾶ
817 3349 986 3453 λέγοντες
1004 3348 1092 3431 εἶναι
1110 3351 1156 3432 τά
1177 3353 1239 3455 (δέ)

143 3479 310 3581 τέσσαρα
331 3487 502 3585 στοιχεῖα,
516 3485 574 3560 καὶ
593 3481 634 3560 τὸ
652 3488 726 3582 πῦρ
743 3483 885 3559 ἁπλοῦν
903 3474 989 3555 εἶναι
1008 3480 1240 3576 νενομίκασιν,
1250 3506 1277 3566 25

143 3606 227 3682 ἀλλ’
248 3601 335 3683 εἶναι
352 3614 417 3684 τοῦ
438 3604 552 3710 πυρός
569 3605 635 3705 τῆν
654 3605 768 3711 φύσιν
787 3608 932 3702 διπλῆν,
954 3605 1012 3681 καὶ
1034 3608 1099 3701 τῆς
1118 3606 1241 3699 διπλῆς

142 3729 272 3827 ταύτης
302 3737 406 3809 καλεῖ
429 3730 471 3809 τὸ
499 3729 566 3830 μέν
592 3767 627 3811 τι
655 3728 825 3832 κρυπτὸν,
851 3726 892 3808 τὸ
921 3727 959 3806 δέ
986 3728 1159 3835 φανερὸν,
1189 3762 1239 3807 κε·

142 3854 298 3959 κρύφθαι
323 3855 360 3934 δέ
384 3857 429 3934 τὰ
455 3857 594 3959 κρυπτά
619 3861 657 3935 ε’ν
675 3863 748 3939 τοῖς
767 3861 933 3961 φανεροῖς
950 3854 995 3933 τὸ
1015 3864 1105 3956 πῦρ,
1126 3852 1242 3933 καὶτὰ

142 3980 279 4083 φανερὰ
297 3989 361 4059 τοῦ
379 3980 491 4086 πυρὸς
510 3981 578 4062 ὑπὸ
597 3990 670 4062 τῶν
690 3986 855 4083 κρυπτῶν
875 3977 1072 4080 γεγονέναι.
1119 3979 1242 4060 Πάντα

183 4155 210 4206 4.
227 4138 299 4194 cod.
315 4142 418 4211 γέννημα.
714 4150 744 4197 et
757 4139 916 4213 compendii
931 4163 965 4196 ει.

183 4235 211 4289 5.
227 4218 299 4274 cod.
316 4223 467 4293 συνκρίτοις.
758 4238 804 4294 23.
820 4219 893 4276 Cod.
909 4218 963 4274 καθ
971 4219 1059 4275 αὑτόν.

185 4297 230 4351 16.
246 4298 366 4372 Philipp.
382 4300 421 4364 ΙΙ,
438 4302 457 4356 6
471 4310 499 4356 et
516 4318 542 4373 7.
758 4318 803 4371 24.
819 4299 890 4356 Dele
903 4300 940 4364 δι’,
957 4307 1050 4355 ortum
1066 4318 1102 4356 ex
1117 4300 1148 4355 δ’.

186 4391 229 4445 19.
244 4378 407 4434 Cernuntur
418 4381 539 4454 vestigia
553 4382 672 4451 literaeq
757 4397 803 4453 27.
820 4380 892 4436 eod.
907 4379 954 4450 μέν
966 4400 1015 4433 τοι.
