<?xml version="1.0" encoding="UTF-8"?>
<!DOCTYPE html PUBLIC "-//W3C//DTD XHTML 1.0 Transitional//EN"
    "http://www.w3.org/TR/xhtml1/DTD/xhtml1-transitional.dtd">
<html xmlns="http://www.w3.org/1999/xhtml" xml:lang="en" lang="en">
 <head>
  <title>
</title>
<meta http-equiv="Content-Type" content="text/html;charset=utf-8" />
  <meta name='ocr-system' content='tesseract 3.04.00' />
  <meta name='ocr-capabilities' content='ocr_page ocr_carea ocr_par ocr_line ocrx_word'/>
</head>
<body>
  <div class='ocr_page' id='page_1' title='image "./origenisphiloso00origgoog_0357.png"; bbox 0 0 2782 4972; ppageno 0'>
   <div class='ocr_carea' id='block_1_1' title="bbox 119 332 1304 419">
    <p class='ocr_par' dir='ltr' id='par_1_1' title="bbox 119 332 1304 419">
     <span class='ocr_line' id='line_1_1' title="bbox 119 332 1304 419; baseline 0.001 -24"><span class='ocrx_word' id='word_1_1' title='bbox 119 346 185 410; x_wconf 75' lang='lat'>338</span> <span class='ocrx_word' id='word_1_2' title='bbox 568 332 784 397; x_wconf 76' lang='lat' dir='ltr'>ORIGENIS</span> <span class='ocrx_word' id='word_1_3' title='bbox 1183 334 1227 397; x_wconf 86' lang='grc' dir='ltr'>Χ.</span> <span class='ocrx_word' id='word_1_4' title='bbox 1238 353 1304 419; x_wconf 84' lang='lat'>33-</span> 
     </span>
    </p>
   </div>
   <div class='ocr_carea' id='block_1_2' title="bbox 18 486 1269 4249">
    <p class='ocr_par' dir='ltr' id='par_1_2' title="bbox 121 486 1238 974">
     <span class='ocr_line' id='line_1_2' title="bbox 121 486 1238 597; baseline -0.004 -25"><span class='ocrx_word' id='word_1_5' title='bbox 121 535 202 585; x_wconf 78' lang='grc' dir='ltr'>σιος</span> <span class='ocrx_word' id='word_1_6' title='bbox 235 502 255 578; x_wconf 84' lang='grc' dir='ltr'>ὁ</span> <span class='ocrx_word' id='word_1_7' title='bbox 288 496 477 597; x_wconf 82' lang='grc' dir='ltr'>ἅνθροπτος</span> <span class='ocrx_word' id='word_1_8' title='bbox 510 491 602 596; x_wconf 78' lang='grc' dir='ltr'>ἔχων</span> <span class='ocrx_word' id='word_1_9' title='bbox 636 489 680 570; x_wconf 83' lang='grc' dir='ltr'>τδ</span> <span class='ocrx_word' id='word_1_10' title='bbox 712 486 831 569; x_wconf 84' lang='grc' dir='ltr'>θέλειν</span> <span class='ocrx_word' id='word_1_11' title='bbox 865 490 927 566; x_wconf 79' lang='grc' dir='ltr'>καὶ</span> <span class='ocrx_word' id='word_1_12' title='bbox 959 488 1003 568; x_wconf 81' lang='grc' dir='ltr'>τὸ</span> <span class='ocrx_word' id='word_1_13' title='bbox 1036 488 1093 588; x_wconf 83' lang='grc' dir='ltr'>μὴ</span> <span class='ocrx_word' id='word_1_14' title='bbox 1126 486 1238 568; x_wconf 86' lang='grc' dir='ltr'>θέλειν</span> 
     </span>
     <span class='ocr_line' id='line_1_3' title="bbox 124 612 1234 723; baseline -0.011 -18"><span class='ocrx_word' id='word_1_15' title='bbox 124 622 272 708; x_wconf 82' lang='grc' dir='ltr'>δυνατός</span> <span class='ocrx_word' id='word_1_16' title='bbox 302 620 353 700; x_wconf 80' lang='grc' dir='ltr'>ὧν</span> <span class='ocrx_word' id='word_1_17' title='bbox 381 621 419 698; x_wconf 95' lang='grc' dir='ltr'>ἐν</span> <span class='ocrx_word' id='word_1_18' title='bbox 448 617 678 723; x_wconf 69' lang='grc' dir='ltr'>ἀμφοτέροις,</span> <span class='ocrx_word' id='word_1_19' title='bbox 709 616 752 695; x_wconf 81' lang='grc' dir='ltr'>οὗ</span> <span class='ocrx_word' id='word_1_20' title='bbox 778 612 843 695; x_wconf 86' lang='grc' dir='ltr'>τδν</span> <span class='ocrx_word' id='word_1_21' title='bbox 870 614 1072 717; x_wconf 72' lang='grc' dir='ltr'>ἄνθρωπον</span> <span class='ocrx_word' id='word_1_22' title='bbox 1100 621 1149 700; x_wconf 86' lang='grc' dir='ltr'>είς</span> <span class='ocrx_word' id='word_1_23' title='bbox 1176 617 1234 713; x_wconf 72' lang='grc' dir='ltr'>μὲν</span> 
     </span>
     <span class='ocr_line' id='line_1_4' title="bbox 123 738 1233 850; baseline -0.01 -21"><span class='ocrx_word' id='word_1_24' title='bbox 123 759 188 829; x_wconf 85' lang='grc' dir='ltr'>τοῦ</span> <span class='ocrx_word' id='word_1_25' title='bbox 217 749 293 826; x_wconf 82' lang='grc' dir='ltr'>καθ</span> <span class='ocrx_word' id='word_1_26' title='bbox 324 747 416 844; x_wconf 76' lang='grc' dir='ltr'>ἡμᾶς</span> <span class='ocrx_word' id='word_1_27' title='bbox 443 741 655 850; x_wconf 79' lang='grc' dir='ltr'>φυράματος</span> <span class='ocrx_word' id='word_1_28' title='bbox 683 739 878 843; x_wconf 77' lang='grc' dir='ltr'>γεγονέναι.</span> <span class='ocrx_word' id='word_1_29' title='bbox 943 744 990 819; x_wconf 79' lang='grc' dir='ltr'>Εἰ</span> <span class='ocrx_word' id='word_1_30' title='bbox 1018 738 1172 843; x_wconf 78' lang='grc' dir='ltr'>γὰρμὴ</span> <span class='ocrx_word' id='word_1_31' title='bbox 1200 745 1233 820; x_wconf 80' lang='grc' dir='ltr'>ἐκ</span> 
     </span>
     <span class='ocr_line' id='line_1_5' title="bbox 126 864 1230 974; baseline -0.011 -19"><span class='ocrx_word' id='word_1_32' title='bbox 126 884 189 956; x_wconf 86' lang='grc' dir='ltr'>τοῦ</span> <span class='ocrx_word' id='word_1_33' title='bbox 217 876 326 953; x_wconf 75' lang='grc' dir='ltr'>αὐτοῦ</span> <span class='ocrx_word' id='word_1_34' title='bbox 355 869 505 974; x_wconf 73' lang='grc' dir='ltr'>ὑπῆρξε,</span> <span class='ocrx_word' id='word_1_35' title='bbox 525 867 642 968; x_wconf 77' lang='grc' dir='ltr'>μάτην</span> <span class='ocrx_word' id='word_1_36' title='bbox 672 873 853 966; x_wconf 82' lang='grc' dir='ltr'>νομοθετεῖ</span> <span class='ocrx_word' id='word_1_37' title='bbox 875 872 1066 964; x_wconf 73' lang='grc' dir='ltr'>γαμεῖσθαι</span> <span class='ocrx_word' id='word_1_38' title='bbox 1093 864 1157 946; x_wconf 82' lang='grc' dir='ltr'>τόν</span> <span class='ocrx_word' id='word_1_39' title='bbox 1185 871 1230 944; x_wconf 89' lang='grc' dir='ltr'>δι·</span> 
     </span>
    </p>

    <p class='ocr_par' dir='ltr' id='par_1_3' title="bbox 18 992 1266 2234">
     <span class='ocr_line' id='line_1_6' title="bbox 18 992 1266 1098; baseline -0.008 -18"><span class='ocrx_word' id='word_1_40' title='bbox 18 1000 327 1092; x_wconf 69' lang='grc' dir='ltr'>Ι34νδόσκαλον.</span> <span class='ocrx_word' id='word_1_41' title='bbox 370 1002 416 1076; x_wconf 79' lang='grc' dir='ltr'>Εἰ</span> <span class='ocrx_word' id='word_1_42' title='bbox 430 992 503 1098; x_wconf 77' lang='grc' dir='ltr'>γὰρ</span> <span class='ocrx_word' id='word_1_43' title='bbox 514 997 643 1078; x_wconf 86' lang='grc' dir='ltr'>ἐκεῖνος</span> <span class='ocrx_word' id='word_1_44' title='bbox 660 997 680 1073; x_wconf 86' lang='grc' dir='ltr'><strong>ὁ</strong></span> <span class='ocrx_word' id='word_1_45' title='bbox 697 994 886 1096; x_wconf 82' lang='grc' dir='ltr'>ἅνθραπτος</span> <span class='ocrx_word' id='word_1_46' title='bbox 903 992 1030 1095; x_wconf 81' lang='grc' dir='ltr'>ἑτέρας</span> <span class='ocrx_word' id='word_1_47' title='bbox 1047 994 1266 1097; x_wconf 74' lang='grc' dir='ltr'>ἐπίγχανενιο</span> 
     </span>
     <span class='ocr_line' id='line_1_7' title="bbox 128 1118 1228 1225; baseline -0.007 -22"><span class='ocrx_word' id='word_1_48' title='bbox 128 1127 266 1221; x_wconf 80' lang='grc' dir='ltr'><em>οὐσίας,</em></span> <span class='ocrx_word' id='word_1_49' title='bbox 287 1126 325 1202; x_wconf 92' lang='grc' dir='ltr'>τί</span> <span class='ocrx_word' id='word_1_50' title='bbox 347 1121 395 1202; x_wconf 79' lang='grc' dir='ltr'>τὰ</span> <span class='ocrx_word' id='word_1_51' title='bbox 422 1122 527 1220; x_wconf 80' lang='grc' dir='ltr'>ὅμοια</span> <span class='ocrx_word' id='word_1_52' title='bbox 553 1118 683 1200; x_wconf 78' lang='grc' dir='ltr'>κελεύει</span> <span class='ocrx_word' id='word_1_53' title='bbox 709 1121 786 1218; x_wconf 82' lang='grc' dir='ltr'>ἐμοὶ</span> <span class='ocrx_word' id='word_1_54' title='bbox 804 1122 857 1225; x_wconf 76' lang='grc' dir='ltr'>τῷ</span> <span class='ocrx_word' id='word_1_55' title='bbox 878 1120 1030 1196; x_wconf 79' lang='grc' dir='ltr'>ἀσθενεῖ</span> <span class='ocrx_word' id='word_1_56' title='bbox 1051 1120 1228 1225; x_wconf 83' lang='grc' dir='ltr'>πεφυκότι,</span> 
     </span>
     <span class='ocr_line' id='line_1_8' title="bbox 129 1241 1229 1348; baseline -0.008 -17"><span class='ocrx_word' id='word_1_57' title='bbox 129 1256 187 1331; x_wconf 82' lang='grc' dir='ltr'>καὶ</span> <span class='ocrx_word' id='word_1_58' title='bbox 200 1257 278 1334; x_wconf 86' lang='grc' dir='ltr'>πῶς</span> <span class='ocrx_word' id='word_1_59' title='bbox 295 1250 397 1333; x_wconf 72' lang='grc' dir='ltr'>οὗτος</span> <span class='ocrx_word' id='word_1_60' title='bbox 416 1244 552 1348; x_wconf 81' lang='grc' dir='ltr'>ἀγαθός</span> <span class='ocrx_word' id='word_1_61' title='bbox 570 1250 628 1325; x_wconf 85' lang='grc' dir='ltr'>καὶ</span> <span class='ocrx_word' id='word_1_62' title='bbox 646 1248 795 1340; x_wconf 87' lang='grc' dir='ltr'>δίκαιος;</span> <span class='ocrx_word' id='word_1_63' title='bbox 816 1244 876 1322; x_wconf 84' lang='grc' dir='ltr'>ἵνα</span> <span class='ocrx_word' id='word_1_64' title='bbox 894 1243 934 1321; x_wconf 87' lang='grc' dir='ltr'>δέ</span> <span class='ocrx_word' id='word_1_65' title='bbox 950 1241 1004 1342; x_wconf 80' lang='grc' dir='ltr'>μὴ</span> <span class='ocrx_word' id='word_1_66' title='bbox 1021 1245 1141 1347; x_wconf 80' lang='grc' dir='ltr'>ἕτερος</span> <span class='ocrx_word' id='word_1_67' title='bbox 1153 1245 1229 1346; x_wconf 87' lang='grc' dir='ltr'>παρ’</span> 
     </span>
     <span class='ocr_line' id='line_1_9' title="bbox 129 1366 1229 1479; baseline -0.005 -24"><span class='ocrx_word' id='word_1_68' title='bbox 129 1378 222 1475; x_wconf 78' lang='grc' dir='ltr'>ἡμᾶς</span> <span class='ocrx_word' id='word_1_69' title='bbox 236 1380 402 1479; x_wconf 80' lang='grc' dir='ltr'>νομισθῇ,</span> <span class='ocrx_word' id='word_1_70' title='bbox 416 1377 473 1452; x_wconf 83' lang='grc' dir='ltr'>καὶ</span> <span class='ocrx_word' id='word_1_71' title='bbox 491 1370 651 1471; x_wconf 81' lang='grc' dir='ltr'>κάματον</span> <span class='ocrx_word' id='word_1_72' title='bbox 665 1373 833 1469; x_wconf 81' lang='grc' dir='ltr'>ύπέμεινε,</span> <span class='ocrx_word' id='word_1_73' title='bbox 848 1375 907 1449; x_wconf 74' lang='grc' dir='ltr'>καὶ</span> <span class='ocrx_word' id='word_1_74' title='bbox 923 1374 1055 1467; x_wconf 74' lang='grc' dir='ltr'>πεινῆν</span> <span class='ocrx_word' id='word_1_75' title='bbox 1069 1366 1229 1469; x_wconf 66' lang='grc' dir='ltr'>ἠθέλησε,</span> 
     </span>
     <span class='ocr_line' id='line_1_10' title="bbox 130 1495 1228 1606; baseline -0.005 -26"><span class='ocrx_word' id='word_1_76' title='bbox 130 1507 188 1581; x_wconf 82' lang='grc' dir='ltr'>καὶ</span> <span class='ocrx_word' id='word_1_77' title='bbox 213 1505 326 1606; x_wconf 68' lang='grc' dir='ltr'>διψῆν</span> <span class='ocrx_word' id='word_1_78' title='bbox 348 1502 411 1579; x_wconf 79' lang='grc' dir='ltr'>οὐκ</span> <span class='ocrx_word' id='word_1_79' title='bbox 436 1498 633 1601; x_wconf 85' lang='grc' dir='ltr'>ἠρνήσατο,</span> <span class='ocrx_word' id='word_1_80' title='bbox 655 1498 713 1575; x_wconf 82' lang='grc' dir='ltr'>καὶ</span> <span class='ocrx_word' id='word_1_81' title='bbox 738 1498 837 1602; x_wconf 74' lang='grc' dir='ltr'>ὕπνῳ</span> <span class='ocrx_word' id='word_1_82' title='bbox 855 1495 1032 1598; x_wconf 77' lang='grc' dir='ltr'>ἠρίμησε,</span> <span class='ocrx_word' id='word_1_83' title='bbox 1054 1498 1116 1574; x_wconf 78' lang='grc' dir='ltr'>καὶ</span> <span class='ocrx_word' id='word_1_84' title='bbox 1137 1495 1228 1575; x_wconf 81' lang='grc' dir='ltr'>πόθει</span> 
     </span>
     <span class='ocr_line' id='line_1_11' title="bbox 131 1620 1261 1729; baseline -0.004 -23"><span class='ocrx_word' id='word_1_85' title='bbox 131 1629 193 1706; x_wconf 80' lang='grc' dir='ltr'>οὐκ</span> <span class='ocrx_word' id='word_1_86' title='bbox 231 1628 383 1722; x_wconf 82' lang='grc' dir='ltr'>ἀντεῖπε,</span> <span class='ocrx_word' id='word_1_87' title='bbox 423 1627 481 1703; x_wconf 80' lang='grc' dir='ltr'>καὶ</span> <span class='ocrx_word' id='word_1_88' title='bbox 517 1621 660 1729; x_wconf 74' lang='grc' dir='ltr'>θανάτῳ</span> <span class='ocrx_word' id='word_1_89' title='bbox 696 1621 891 1721; x_wconf 73' lang='grc' dir='ltr'>ἐπήκουσε,</span> <span class='ocrx_word' id='word_1_90' title='bbox 931 1624 994 1701; x_wconf 75' lang='grc' dir='ltr'>καὶ</span> <span class='ocrx_word' id='word_1_91' title='bbox 1032 1620 1261 1718; x_wconf 69' lang='grc' dir='ltr'>ἀνάστασινθς</span> 
     </span>
     <span class='ocr_line' id='line_1_12' title="bbox 130 1745 1229 1859; baseline -0.005 -29"><span class='ocrx_word' id='word_1_92' title='bbox 130 1752 374 1859; x_wconf 78' lang='grc' dir='ltr'>ἐφανέρωσεν,</span> <span class='ocrx_word' id='word_1_93' title='bbox 405 1746 655 1851; x_wconf 76' lang='grc' dir='ltr'>ἀπαρξάμενος</span> <span class='ocrx_word' id='word_1_94' title='bbox 686 1751 724 1826; x_wconf 92' lang='grc' dir='ltr'>ἐν</span> <span class='ocrx_word' id='word_1_95' title='bbox 757 1755 851 1827; x_wconf 83' lang='grc' dir='ltr'>πᾶσι</span> <span class='ocrx_word' id='word_1_96' title='bbox 886 1746 1031 1831; x_wconf 88' lang='grc' dir='ltr'>τούτοις</span> <span class='ocrx_word' id='word_1_97' title='bbox 1058 1745 1125 1829; x_wconf 81' lang='grc' dir='ltr'>τόν</span> <span class='ocrx_word' id='word_1_98' title='bbox 1151 1749 1229 1826; x_wconf 82' lang='grc' dir='ltr'>ἴδιον</span> 
     </span>
     <span class='ocr_line' id='line_1_13' title="bbox 131 1871 1228 1981; baseline -0.005 -24"><span class='ocrx_word' id='word_1_99' title='bbox 131 1877 333 1981; x_wconf 76' lang='grc' dir='ltr'>ἄνθρωπον,</span> <span class='ocrx_word' id='word_1_100' title='bbox 363 1876 421 1955; x_wconf 81' lang='grc' dir='ltr'>ἵνα</span> <span class='ocrx_word' id='word_1_101' title='bbox 454 1871 504 1953; x_wconf 77' lang='grc' dir='ltr'>σὺ</span> <span class='ocrx_word' id='word_1_102' title='bbox 530 1871 686 1979; x_wconf 77' lang='grc' dir='ltr'>πάσχων</span> <span class='ocrx_word' id='word_1_103' title='bbox 711 1871 762 1972; x_wconf 83' lang='grc' dir='ltr'>μὴ</span> <span class='ocrx_word' id='word_1_104' title='bbox 793 1876 947 1978; x_wconf 79' lang='grc' dir='ltr'>ἀθυμῇς,</span> <span class='ocrx_word' id='word_1_105' title='bbox 979 1876 1068 1952; x_wconf 82' lang='grc' dir='ltr'>ἀλλ’</span> <span class='ocrx_word' id='word_1_106' title='bbox 1099 1875 1228 1976; x_wconf 82' lang='grc' dir='ltr'>ἅνθρω·</span> 
     </span>
     <span class='ocr_line' id='line_1_14' title="bbox 132 1998 1231 2104; baseline -0.003 -22"><span class='ocrx_word' id='word_1_107' title='bbox 132 2039 204 2083; x_wconf 91' lang='grc' dir='ltr'>πον</span> <span class='ocrx_word' id='word_1_108' title='bbox 236 2000 388 2084; x_wconf 83' lang='grc' dir='ltr'>σεαυτόν</span> <span class='ocrx_word' id='word_1_109' title='bbox 421 2004 624 2100; x_wconf 83' lang='grc' dir='ltr'>ὁμολογῶν,</span> <span class='ocrx_word' id='word_1_110' title='bbox 653 2003 869 2102; x_wconf 79' lang='grc' dir='ltr'>προσδοκῶν</span> <span class='ocrx_word' id='word_1_111' title='bbox 898 2003 957 2078; x_wconf 83' lang='grc' dir='ltr'>καὶ</span> <span class='ocrx_word' id='word_1_112' title='bbox 988 1998 1041 2080; x_wconf 80' lang='grc' dir='ltr'>σύ</span> <span class='ocrx_word' id='word_1_113' title='bbox 1073 2000 1095 2080; x_wconf 83' lang='grc' dir='ltr'>δ</span> <span class='ocrx_word' id='word_1_114' title='bbox 1126 1999 1231 2104; x_wconf 73' lang='grc' dir='ltr'>τούτῳ</span> 
     </span>
     <span class='ocr_line' id='line_1_15' title="bbox 133 2130 322 2234; baseline -0.011 -25"><span class='ocrx_word' id='word_1_115' title='bbox 133 2130 322 2234; x_wconf 86' lang='grc' dir='ltr'>παρέοχες.</span> 
     </span>
    </p>

    <p class='ocr_par' dir='ltr' id='par_1_4' title="bbox 31 2251 1269 3998">
     <span class='ocr_line' id='line_1_16' title="bbox 31 2251 1269 2367; baseline -0.002 -33"><span class='ocrx_word' id='word_1_116' title='bbox 31 2359 35 2367; x_wconf 27' lang='grc' dir='ltr'>Ι</span> <span class='ocrx_word' id='word_1_117' title='bbox 71 2284 126 2360; x_wconf 83' lang='lat'>34</span> <span class='ocrx_word' id='word_1_118' title='bbox 190 2261 362 2338; x_wconf 85' lang='grc' dir='ltr'>Τοιοῦτος</span> <span class='ocrx_word' id='word_1_119' title='bbox 380 2258 399 2333; x_wconf 87' lang='grc' dir='ltr'><strong>ὁ</strong></span> <span class='ocrx_word' id='word_1_120' title='bbox 420 2256 500 2358; x_wconf 83' lang='grc' dir='ltr'>περὶ</span> <span class='ocrx_word' id='word_1_121' title='bbox 516 2251 558 2334; x_wconf 84' lang='grc' dir='ltr'>τό</span> <span class='ocrx_word' id='word_1_122' title='bbox 578 2259 684 2334; x_wconf 86' lang='grc' dir='ltr'>Θεῖον</span> <span class='ocrx_word' id='word_1_123' title='bbox 701 2251 839 2353; x_wconf 67' lang='grc' dir='ltr'>ἀληθὴς</span> <span class='ocrx_word' id='word_1_124' title='bbox 856 2253 986 2353; x_wconf 85' lang='grc' dir='ltr'>λόγος,</span> <span class='ocrx_word' id='word_1_125' title='bbox 1008 2252 1269 2357; x_wconf 76' lang='grc' dir='ltr'>ώιίίνθρωποιηο</span> 
     </span>
     <span class='ocr_line' id='line_1_17' title="bbox 127 2376 1232 2483; baseline 0.002 -24"><span class='ocrx_word' id='word_1_126' title='bbox 127 2376 310 2477; x_wconf 72' lang='grc' dir='ltr'>Ἔλληνές</span> <span class='ocrx_word' id='word_1_127' title='bbox 326 2414 365 2458; x_wconf 93' lang='grc' dir='ltr'>τε</span> <span class='ocrx_word' id='word_1_128' title='bbox 393 2384 451 2459; x_wconf 87' lang='grc' dir='ltr'>καὶ</span> <span class='ocrx_word' id='word_1_129' title='bbox 476 2379 667 2483; x_wconf 79' lang='grc' dir='ltr'>βάρβαροι,</span> <span class='ocrx_word' id='word_1_130' title='bbox 688 2381 869 2459; x_wconf 83' lang='grc' dir='ltr'>Χαλδαῖοί</span> <span class='ocrx_word' id='word_1_131' title='bbox 886 2413 925 2458; x_wconf 88' lang='grc' dir='ltr'>τε</span> <span class='ocrx_word' id='word_1_132' title='bbox 948 2384 1012 2458; x_wconf 80' lang='grc' dir='ltr'>καὶ</span> <span class='ocrx_word' id='word_1_133' title='bbox 1029 2380 1232 2481; x_wconf 77' lang='grc' dir='ltr'>Ἀσσύριοι,</span> 
     </span>
     <span class='ocr_line' id='line_1_18' title="bbox 136 2504 1238 2606; baseline 0 -23"><span class='ocrx_word' id='word_1_134' title='bbox 136 2504 328 2606; x_wconf 75' lang='grc' dir='ltr'>Αἰγύπτιοί</span> <span class='ocrx_word' id='word_1_135' title='bbox 347 2540 385 2584; x_wconf 93' lang='grc' dir='ltr'>τε</span> <span class='ocrx_word' id='word_1_136' title='bbox 406 2511 464 2585; x_wconf 80' lang='grc' dir='ltr'>καὶ</span> <span class='ocrx_word' id='word_1_137' title='bbox 484 2507 628 2603; x_wconf 80' lang='grc' dir='ltr'>Λίβυες,</span> <span class='ocrx_word' id='word_1_138' title='bbox 643 2507 753 2586; x_wconf 89' lang='grc' dir='ltr'>Ἰνδοί</span> <span class='ocrx_word' id='word_1_139' title='bbox 767 2539 804 2586; x_wconf 88' lang='grc' dir='ltr'>τε</span> <span class='ocrx_word' id='word_1_140' title='bbox 822 2509 880 2584; x_wconf 83' lang='grc' dir='ltr'>καὶ</span> <span class='ocrx_word' id='word_1_141' title='bbox 899 2507 1083 2602; x_wconf 71' lang='grc' dir='ltr'>Αἰθίοπες,</span> <span class='ocrx_word' id='word_1_142' title='bbox 1106 2507 1238 2585; x_wconf 81' lang='grc' dir='ltr'>Κελτοί</span> 
     </span>
     <span class='ocr_line' id='line_1_19' title="bbox 117 2629 1234 2735; baseline -0.004 -23"><span class='ocrx_word' id='word_1_143' title='bbox 117 2646 172 2713; x_wconf 75' lang='grc' dir='ltr'>’τε</span> <span class='ocrx_word' id='word_1_144' title='bbox 204 2635 262 2711; x_wconf 75' lang='grc' dir='ltr'>καὶ</span> <span class='ocrx_word' id='word_1_145' title='bbox 295 2637 328 2711; x_wconf 78' lang='grc' dir='ltr'>οἱ</span> <span class='ocrx_word' id='word_1_146' title='bbox 363 2641 647 2735; x_wconf 86' lang='grc' dir='ltr'>στρατηγοῦντες</span> <span class='ocrx_word' id='word_1_147' title='bbox 677 2638 837 2728; x_wconf 86' lang='grc' dir='ltr'>Λατῖνοι,</span> <span class='ocrx_word' id='word_1_148' title='bbox 866 2629 999 2717; x_wconf 79' lang='grc' dir='ltr'>πάντες</span> <span class='ocrx_word' id='word_1_149' title='bbox 1033 2667 1072 2712; x_wconf 86' lang='grc' dir='ltr'>τε</span> <span class='ocrx_word' id='word_1_150' title='bbox 1110 2638 1143 2711; x_wconf 81' lang='grc' dir='ltr'>οἱ</span> <span class='ocrx_word' id='word_1_151' title='bbox 1173 2630 1234 2729; x_wconf 76' lang='grc' dir='ltr'>την</span> 
     </span>
     <span class='ocr_line' id='line_1_20' title="bbox 136 2755 1231 2862; baseline -0.003 -23"><span class='ocrx_word' id='word_1_152' title='bbox 136 2760 315 2862; x_wconf 80' lang='grc' dir='ltr'>Εὐρώπην</span> <span class='ocrx_word' id='word_1_153' title='bbox 333 2759 467 2838; x_wconf 83' lang='grc' dir='ltr'>Ἀσίαν</span> <span class='ocrx_word' id='word_1_154' title='bbox 484 2792 522 2836; x_wconf 88' lang='grc' dir='ltr'>τε</span> <span class='ocrx_word' id='word_1_155' title='bbox 547 2763 604 2836; x_wconf 79' lang='grc' dir='ltr'>καὶ</span> <span class='ocrx_word' id='word_1_156' title='bbox 628 2755 769 2857; x_wconf 87' lang='grc' dir='ltr'>Λιβύην</span> <span class='ocrx_word' id='word_1_157' title='bbox 790 2767 1048 2856; x_wconf 79' lang='grc' dir='ltr'>κατοικοῦντες,</span> <span class='ocrx_word' id='word_1_158' title='bbox 1071 2756 1125 2843; x_wconf 76' lang='grc' dir='ltr'>οἷς</span> <span class='ocrx_word' id='word_1_159' title='bbox 1142 2757 1231 2855; x_wconf 90' lang='grc' dir='ltr'>σύμ-</span> 
     </span>
     <span class='ocr_line' id='line_1_21' title="bbox 134 2881 1267 2989; baseline 0.002 -26"><span class='ocrx_word' id='word_1_160' title='bbox 134 2892 270 2978; x_wconf 86' lang='grc' dir='ltr'>βουλος</span> <span class='ocrx_word' id='word_1_161' title='bbox 288 2884 359 2984; x_wconf 79' lang='grc' dir='ltr'>ἐγώ</span> <span class='ocrx_word' id='word_1_162' title='bbox 377 2886 534 2984; x_wconf 82' lang='grc' dir='ltr'>γίνομαι,</span> <span class='ocrx_word' id='word_1_163' title='bbox 549 2884 810 2989; x_wconf 78' lang='grc' dir='ltr'>φιλανθρώπου</span> <span class='ocrx_word' id='word_1_164' title='bbox 829 2881 953 2984; x_wconf 88' lang='grc' dir='ltr'>Λόγου</span> <span class='ocrx_word' id='word_1_165' title='bbox 971 2883 1149 2989; x_wconf 82' lang='grc' dir='ltr'>ὑπάρχων</span> <span class='ocrx_word' id='word_1_166' title='bbox 1166 2920 1230 2984; x_wconf 82' lang='grc' dir='ltr'>μα·</span> <span class='ocrx_word' id='word_1_167' title='bbox 1239 2906 1267 2969; x_wconf 83' lang='grc'>95</span> 
     </span>
     <span class='ocr_line' id='line_1_22' title="bbox 134 3008 1233 3116; baseline 0 -28"><span class='ocrx_word' id='word_1_168' title='bbox 134 3008 243 3108; x_wconf 74' lang='grc' dir='ltr'>θητης</span> <span class='ocrx_word' id='word_1_169' title='bbox 264 3017 321 3088; x_wconf 82' lang='grc' dir='ltr'>καὶ</span> <span class='ocrx_word' id='word_1_170' title='bbox 341 3008 606 3116; x_wconf 78' lang='grc' dir='ltr'>φιλάνθρωπος,</span> <span class='ocrx_word' id='word_1_171' title='bbox 622 3011 718 3094; x_wconf 81' lang='grc' dir='ltr'>ὅπως</span> <span class='ocrx_word' id='word_1_172' title='bbox 735 3009 1032 3112; x_wconf 87' lang='grc' dir='ltr'>προσδραμόντες</span> <span class='ocrx_word' id='word_1_173' title='bbox 1051 3014 1233 3114; x_wconf 74' lang='grc' dir='ltr'>διδαχθητε</span> 
     </span>
     <span class='ocr_line' id='line_1_23' title="bbox 133 3135 1233 3237; baseline 0.005 -26"><span class='ocrx_word' id='word_1_174' title='bbox 133 3136 217 3237; x_wconf 86' lang='grc' dir='ltr'>παρ’</span> <span class='ocrx_word' id='word_1_175' title='bbox 237 3136 337 3233; x_wconf 82' lang='grc' dir='ltr'>ἡμῶν</span> <span class='ocrx_word' id='word_1_176' title='bbox 369 3137 423 3219; x_wconf 88' lang='grc' dir='ltr'>τίς</span> <span class='ocrx_word' id='word_1_177' title='bbox 455 3138 475 3214; x_wconf 84' lang='grc' dir='ltr'>ὁ</span> <span class='ocrx_word' id='word_1_178' title='bbox 507 3136 618 3220; x_wconf 88' lang='grc' dir='ltr'>ὅντως</span> <span class='ocrx_word' id='word_1_179' title='bbox 646 3135 739 3221; x_wconf 84' lang='grc' dir='ltr'>Θεὸς</span> <span class='ocrx_word' id='word_1_180' title='bbox 769 3140 826 3216; x_wconf 78' lang='grc' dir='ltr'>καὶ</span> <span class='ocrx_word' id='word_1_181' title='bbox 858 3137 880 3234; x_wconf 82' lang='grc' dir='ltr'><strong><em>ἡ</em></strong></span> <span class='ocrx_word' id='word_1_182' title='bbox 911 3135 1044 3215; x_wconf 86' lang='grc' dir='ltr'>τούτου</span> <span class='ocrx_word' id='word_1_183' title='bbox 1071 3140 1233 3217; x_wconf 74' lang='grc' dir='ltr'>εὔτακτος</span> 
     </span>
     <span class='ocr_line' id='line_1_24' title="bbox 134 3258 1231 3368; baseline 0.001 -30"><span class='ocrx_word' id='word_1_184' title='bbox 134 3258 426 3363; x_wconf 85' lang='grc' dir='ltr'>δημιουργία,μῆ</span> <span class='ocrx_word' id='word_1_185' title='bbox 449 3264 688 3368; x_wconf 71' lang='grc' dir='ltr'>προσεχοντες</span> <span class='ocrx_word' id='word_1_186' title='bbox 711 3263 946 3368; x_wconf 88' lang='grc' dir='ltr'>σοφίσμασιν</span> <span class='ocrx_word' id='word_1_187' title='bbox 971 3262 1145 3367; x_wconf 73' lang='grc' dir='ltr'>ἐντεχνων</span> <span class='ocrx_word' id='word_1_188' title='bbox 1168 3258 1231 3340; x_wconf 87' lang='grc' dir='ltr'>λό-</span> 
     </span>
     <span class='ocr_line' id='line_1_25' title="bbox 132 3386 1229 3494; baseline 0 -30"><span class='ocrx_word' id='word_1_189' title='bbox 132 3420 220 3484; x_wconf 92' lang='grc' dir='ltr'>γων,</span> <span class='ocrx_word' id='word_1_190' title='bbox 241 3386 330 3484; x_wconf 78' lang='grc' dir='ltr'>μηδὲ</span> <span class='ocrx_word' id='word_1_191' title='bbox 351 3390 512 3483; x_wconf 88' lang='grc' dir='ltr'>ματαίοις</span> <span class='ocrx_word' id='word_1_192' title='bbox 533 3390 761 3488; x_wconf 77' lang='grc' dir='ltr'>ἐπαγγελίαις</span> <span class='ocrx_word' id='word_1_193' title='bbox 782 3387 1016 3494; x_wconf 81' lang='grc' dir='ltr'>κλεφιλόγων</span> <span class='ocrx_word' id='word_1_194' title='bbox 1040 3393 1229 3490; x_wconf 74' lang='grc' dir='ltr'>αἱρετικῶν,</span> 
     </span>
     <span class='ocr_line' id='line_1_26' title="bbox 132 3511 1250 3619; baseline 0 -29"><span class='ocrx_word' id='word_1_195' title='bbox 132 3512 218 3590; x_wconf 78' lang='grc' dir='ltr'>ἀλλ’</span> <span class='ocrx_word' id='word_1_196' title='bbox 238 3513 404 3611; x_wconf 74' lang='grc' dir='ltr'>ἀληθείας</span> <span class='ocrx_word' id='word_1_197' title='bbox 423 3512 586 3613; x_wconf 84' lang='grc' dir='ltr'>ἀκόμπου</span> <span class='ocrx_word' id='word_1_198' title='bbox 609 3513 785 3614; x_wconf 84' lang='grc' dir='ltr'>ἁπλότητι</span> <span class='ocrx_word' id='word_1_199' title='bbox 807 3519 936 3619; x_wconf 79' lang='grc' dir='ltr'>σεμνῇ,</span> <span class='ocrx_word' id='word_1_200' title='bbox 958 3514 1000 3592; x_wconf 88' lang='grc' dir='ltr'>δι’</span> <span class='ocrx_word' id='word_1_201' title='bbox 1020 3514 1066 3613; x_wconf 77' lang='grc' dir='ltr'>ἧς</span> <span class='ocrx_word' id='word_1_202' title='bbox 1082 3511 1250 3614; x_wconf 75' lang='grc' dir='ltr'>ἐπιγνώι</span> 
     </span>
     <span class='ocr_line' id='line_1_27' title="bbox 132 3635 1228 3744; baseline -0.001 -28"><span class='ocrx_word' id='word_1_203' title='bbox 132 3672 224 3722; x_wconf 89' lang='grc' dir='ltr'>σεως</span> <span class='ocrx_word' id='word_1_204' title='bbox 245 3636 460 3743; x_wconf 77' lang='grc' dir='ltr'>ἐκφεύξεσθε</span> <span class='ocrx_word' id='word_1_205' title='bbox 487 3638 725 3744; x_wconf 71' lang='grc' dir='ltr'>ἐπερχομένην</span> <span class='ocrx_word' id='word_1_206' title='bbox 748 3640 861 3743; x_wconf 83' lang='grc' dir='ltr'>πυρὸς</span> <span class='ocrx_word' id='word_1_207' title='bbox 888 3639 1040 3741; x_wconf 88' lang='grc' dir='ltr'>κρίσεως</span> <span class='ocrx_word' id='word_1_208' title='bbox 1068 3635 1228 3735; x_wconf 79' lang='grc' dir='ltr'>ἀπειλὴν,</span> 
     </span>
     <span class='ocr_line' id='line_1_28' title="bbox 132 3763 1231 3872; baseline -0.001 -30"><span class='ocrx_word' id='word_1_209' title='bbox 132 3767 190 3842; x_wconf 84' lang='grc' dir='ltr'>καὶ</span> <span class='ocrx_word' id='word_1_210' title='bbox 221 3764 399 3868; x_wconf 80' lang='grc' dir='ltr'>ταρτάρου</span> <span class='ocrx_word' id='word_1_211' title='bbox 432 3764 584 3872; x_wconf 80' lang='grc' dir='ltr'>ζοφερὸν</span> <span class='ocrx_word' id='word_1_212' title='bbox 618 3766 716 3863; x_wconf 82' lang='grc' dir='ltr'>ὄμμα</span> <span class='ocrx_word' id='word_1_213' title='bbox 748 3765 971 3871; x_wconf 80' lang='grc' dir='ltr'>ἀφώτιστον,</span> <span class='ocrx_word' id='word_1_214' title='bbox 1007 3763 1078 3843; x_wconf 75' lang='grc' dir='ltr'>ὑπὸ</span> <span class='ocrx_word' id='word_1_215' title='bbox 1111 3763 1231 3863; x_wconf 88' lang='grc' dir='ltr'>Λόγον</span> 
     </span>
     <span class='ocr_line' id='line_1_29' title="bbox 132 3887 1230 3998; baseline 0.005 -31"><span class='ocrx_word' id='word_1_216' title='bbox 132 3894 254 3993; x_wconf 75' lang='grc' dir='ltr'>φωνῆς</span> <span class='ocrx_word' id='word_1_217' title='bbox 275 3887 325 3988; x_wconf 84' lang='grc' dir='ltr'>μὴ</span> <span class='ocrx_word' id='word_1_218' title='bbox 352 3890 622 3998; x_wconf 84' lang='grc' dir='ltr'>καταλαμφθέν,</span> <span class='ocrx_word' id='word_1_219' title='bbox 644 3896 702 3971; x_wconf 85' lang='grc' dir='ltr'>καὶ</span> <span class='ocrx_word' id='word_1_220' title='bbox 728 3890 899 3994; x_wconf 77' lang='grc' dir='ltr'>βρασμὸν</span> <span class='ocrx_word' id='word_1_221' title='bbox 927 3887 1077 3970; x_wconf 83' lang='grc' dir='ltr'>ἁεννιίου</span> <span class='ocrx_word' id='word_1_222' title='bbox 1105 3892 1230 3988; x_wconf 78' lang='grc' dir='ltr'>λίμνης</span> 
     </span>
    </p>

    <p class='ocr_par' dir='ltr' id='par_1_5' title="bbox 175 4093 1229 4249">
     <span class='ocr_line' id='line_1_30' title="bbox 176 4093 1229 4170; baseline 0.003 -22"><span class='ocrx_word' id='word_1_223' title='bbox 176 4094 220 4166; x_wconf 84' lang='lat'>76.</span> <span class='ocrx_word' id='word_1_224' title='bbox 236 4093 312 4149; x_wconf 72' lang='lat' dir='ltr'>Fort</span> <span class='ocrx_word' id='word_1_225' title='bbox 330 4095 387 4164; x_wconf 73' lang='grc' dir='ltr'>ἔχη.</span> <span class='ocrx_word' id='word_1_226' title='bbox 719 4121 721 4125; x_wconf 95' lang='grc'><strong><em>·</em></strong></span> <span class='ocrx_word' id='word_1_227' title='bbox 745 4095 792 4153; x_wconf 83' lang='grc'>88.</span> <span class='ocrx_word' id='word_1_228' title='bbox 818 4095 985 4170; x_wconf 85' lang='lat' dir='ltr'>Legendum</span> <span class='ocrx_word' id='word_1_229' title='bbox 1011 4095 1126 4153; x_wconf 83' lang='lat' dir='ltr'>videtur</span> <span class='ocrx_word' id='word_1_230' title='bbox 1149 4117 1229 4167; x_wconf 83' lang='grc' dir='ltr'>προσ-</span> 
     </span>
     <span class='ocr_line' id='line_1_31' title="bbox 175 4174 786 4249; baseline 0.01 -22"><span class='ocrx_word' id='word_1_231' title='bbox 175 4174 439 4247; x_wconf 86' lang='lat' dir='ltr'><strong>77.Corrigendum</strong></span> <span class='ocrx_word' id='word_1_232' title='bbox 449 4174 561 4232; x_wconf 84' lang='lat' dir='ltr'><strong>videtur</strong></span> <span class='ocrx_word' id='word_1_233' title='bbox 570 4181 661 4233; x_wconf 82' lang='grc' dir='ltr'>τοῦτον</span> <span class='ocrx_word' id='word_1_234' title='bbox 702 4179 786 4249; x_wconf 78' lang='grc' dir='ltr'>δοιᾷς,</span> 
     </span>
    </p>
   </div>
   <div class='ocr_carea' id='block_1_3' title="bbox 132 4251 1054 4329">
    <p class='ocr_par' dir='ltr' id='par_1_6' title="bbox 132 4251 1054 4329">
     <span class='ocr_line' id='line_1_32' title="bbox 132 4251 1054 4329; baseline 0.003 -22"><span class='ocrx_word' id='word_1_235' title='bbox 132 4251 304 4323; x_wconf 72' lang='lat' dir='ltr'>(Christum)</span> <span class='ocrx_word' id='word_1_236' title='bbox 320 4254 453 4325; x_wconf 71' lang='grc' dir='ltr'>ἄνθρωπον</span> <span class='ocrx_word' id='word_1_237' title='bbox 467 4256 494 4309; x_wconf 81' lang='grc' dir='ltr'>ἐκ</span> <span class='ocrx_word' id='word_1_238' title='bbox 508 4259 555 4324; x_wconf 78' lang='grc' dir='ltr'>μὲν</span> <span class='ocrx_word' id='word_1_239' title='bbox 568 4262 621 4311; x_wconf 86' lang='grc' dir='ltr'>τοῦ.</span> <span class='ocrx_word' id='word_1_240' title='bbox 745 4275 769 4313; x_wconf 87' lang='lat'>2.</span> <span class='ocrx_word' id='word_1_241' title='bbox 786 4257 858 4313; x_wconf 85' lang='lat' dir='ltr'><strong>Cod.</strong></span> <span class='ocrx_word' id='word_1_242' title='bbox 874 4256 1054 4329; x_wconf 75' lang='grc' dir='ltr'>ἐκφεύξεσθαι.</span> 
     </span>
    </p>
   </div>
   <div class='ocr_carea' id='block_1_4' title="bbox 172 4331 1053 4487">
    <p class='ocr_par' dir='ltr' id='par_1_7' title="bbox 172 4331 1053 4487">
     <span class='ocr_line' id='line_1_33' title="bbox 175 4331 1002 4410; baseline 0.006 -24"><span class='ocrx_word' id='word_1_243' title='bbox 175 4345 219 4404; x_wconf 84' lang='grc'>79,</span> <span class='ocrx_word' id='word_1_244' title='bbox 235 4331 259 4387; x_wconf 83' lang='lat' dir='ltr'>F</span> <span class='ocrx_word' id='word_1_245' title='bbox 259 4342 313 4389; x_wconf 82' lang='lat' dir='ltr'>ort.</span> <span class='ocrx_word' id='word_1_246' title='bbox 329 4333 480 4403; x_wconf 72' lang='grc' dir='ltr'>ἐνομοθέτει.</span> <span class='ocrx_word' id='word_1_247' title='bbox 744 4355 770 4410; x_wconf 81' lang='lat'>3.</span> <span class='ocrx_word' id='word_1_248' title='bbox 787 4337 859 4394; x_wconf 87' lang='lat' dir='ltr'>cod.</span> <span class='ocrx_word' id='word_1_249' title='bbox 876 4340 1002 4409; x_wconf 73' lang='grc' dir='ltr'>ζοφερόν.</span> 
     </span>
     <span class='ocr_line' id='line_1_34' title="bbox 172 4410 1053 4487; baseline 0.01 -24"><span class='ocrx_word' id='word_1_250' title='bbox 172 4410 219 4480; x_wconf 80' lang='lat'>84.</span> <span class='ocrx_word' id='word_1_251' title='bbox 238 4411 309 4469; x_wconf 83' lang='lat' dir='ltr'>cod.</span> <span class='ocrx_word' id='word_1_252' title='bbox 324 4415 420 4485; x_wconf 71' lang='grc' dir='ltr'>διψιῖν.</span> <span class='ocrx_word' id='word_1_253' title='bbox 742 4435 771 4487; x_wconf 87' lang='grc'>4.</span> <span class='ocrx_word' id='word_1_254' title='bbox 788 4417 859 4475; x_wconf 88' lang='lat' dir='ltr'>Cod.</span> <span class='ocrx_word' id='word_1_255' title='bbox 874 4416 1053 4487; x_wconf 73' lang='grc' dir='ltr'>κοταλαμφέν.</span> 
     </span>
    </p>
   </div>
   <div class='ocr_carea' id='block_1_5' title="bbox 0 0 1396 4972">
    <p class='ocr_par' dir='ltr' id='par_1_8' title="bbox 0 0 1396 4972">
     <span class='ocr_line' id='line_1_35' title="bbox 0 0 1396 4972; baseline 0 2"><span class='ocrx_word' id='word_1_256' title='bbox 0 0 1396 4972; x_wconf 95' lang='lat' dir='ltr'> </span> 
     </span>
    </p>
   </div>
  </div>
 </body>
</html>
