2782 4972
217 306 282 371 οοι
658 294 876 360 οιιιουυις
1255 291 1367 371 IX.14·

217 460 408 560 ἐπιλόγους
436 456 548 541 τινάς’
565 454 778 535 διδάσκουσι
807 454 899 557 πρός
928 489 969 534 τε
1002 455 1245 555 κυνοδίγκτους
1272 457 1318 532 καί

114 592 471 684 Η71’·δαιμονιο”)ντας
499 588 556 662 καὶ
581 582 714 686 ἑτέραις
740 582 862 666 νόσοις
884 582 1167 685 κατεχομένους,
1188 578 1238 660 ὦν
1254 578 1318 659 οὐδὲ

218 721 331 791 ταῦτα
355 709 599 809 σιοπςήσομεν.
641 710 789 791 Ἱκανῶς
808 707 871 785 οὖν
888 705 956 790 τὰς
975 706 1097 811 ἀρχὰς
1116 708 1235 785 αὐτῶν
1254 709 1317 803 δογ

219 836 424 938 γησάμενος
439 834 503 920 τοῖς
516 869 553 915 τε
570 837 683 917 αἰτίας
695 841 768 914 τῶν
785 831 1046 931 τολμημάτων,
1061 830 1318 934 παρελεύσομαι
1324 870 1351 919 40

219 961 536 1064 ἐπιδιηγησοὶμενος
563 960 609 1040 τά
640 961 821 1065 ἐγγραψα,
852 959 896 1036 δι’
924 956 980 1037 ὧν
1013 958 1180 1038 εἴσονται
1210 963 1241 1037 οἱ
1270 962 1318 1035 ἐν·

219 1087 455 1193 τυγχάνοντες
478 1086 541 1168 τόν
568 1120 605 1167 τε
634 1091 748 1189 λῆρον
775 1089 834 1163 καὶ
859 1085 907 1164 τά
933 1086 1025 1164 ἀθεα
1054 1087 1179 1164 αὐτῶν
1202 1088 1317 1189 ἐπιχει-

221 1214 373 1316 ρήματα.

164 1356 211 1432 15
278 1337 332 1416 Τὸ
363 1338 427 1434 μέν
464 1339 526 1416 οὖν
562 1337 753 1436 βάπτισμα
790 1345 863 1421 τοῖς
896 1337 958 1416 ἀπ’
985 1341 1056 1417 αὐτ
1078 1401 1212 1419 .....
1229 1340 1318 1433 ένοις,

221 1467 332 1548 οὕτως
353 1466 591 1565 παραδίδωσι,
615 1463 731 1543 τοιάδε
756 1464 875 1564 λέγων
894 1471 970 1548 τοῖς
989 1466 1253 1565 ἀπατωμένοις·
1282 1463 1354 1552 Εί45

220 1626 272 1674 τις
301 1590 363 1668 οὖν
393 1589 500 1668 τέκνα
530 1588 743 1689 πλησιάσει,
773 1588 795 1688 ἢ
824 1589 1021 1696 οῖῳδψςοτε
1050 1588 1137 1698 ζῴῳ
1165 1589 1188 1689 ἦ
1214 1592 1320 1693 ἀρρινι

219 1715 242 1815 ἢ
275 1719 417 1821 ἀδελφῇ
445 1714 467 1813 ἢ
501 1722 666 1819 θυγατρὶ,
696 1714 719 1815 ἢ
747 1718 950 1821 ἐμοίχευσεν
977 1714 1002 1814 ἢ
1032 1715 1242 1819 ἐπόρνευσε,
1269 1723 1318 1796 καὶ

221 1845 315 1922 θέλει
341 1844 473 1950 ἄφεσιν
500 1851 627 1937 λαβεῖν
651 1850 724 1922 τῶν
748 1846 941 1945 ἁμαρτιῶν,
961 1842 1029 1947 ἀφ’
1048 1842 1096 1940 ἧς
1121 1843 1170 1924 ἂν
1194 1843 1319 1945 ἀκοιίοη

221 1974 285 2067 τῆς
303 1971 439 2061 βίβλου
456 1965 598 2066 ταύτης,
618 1965 863 2061 βαπτισάσθω
880 1968 919 2043 ἐκ
938 1964 1107 2066 δευτέρου
1128 1969 1167 2045 ἐν
1188 1965 1319 2065 ὀνόματι

222 2104 286 2173 τοῦ
312 2093 473 2195 μεγάλου
503 2096 561 2172 καὶ
594 2094 754 2198 ὑψίστου
781 2098 888 2188 θεοῦ,
918 2094 977 2169 καὶ
1010 2094 1048 2169 ἐν
1077 2092 1229 2192 ὀνόματι
1255 2098 1355 2180 υίοῦςο

223 2222 331 2298 αὐτοῦ
358 2218 520 2318 μεγάλου
546 2220 743 2316 βασιλέως,
770 2215 1001 2321 καθαρισάτω
1031 2224 1092 2298 καὶ
1121 2218 1319 2320 ἀγνευσάτο

223 2348 280 2421 καὶ
312 2344 663 2447 ἐπιμαρτυρησάσθω
691 2348 787 2453 αὐτῷ
814 2343 896 2430 τοὺς
927 2343 1019 2425 ἑπτὰ
1049 2343 1237 2448 μάρτυρας
1266 2377 1318 2445 γε·

359 2469 369 2493 ν
472 2472 480 2495 ο
543 2475 560 2492 Λ
612 2474 621 2501 ρ
771 2473 782 2499 t
873 2470 884 2497 κ
956 2474 964 2497 ς
1041 2470 1053 2496 ἱ
1144 2475 1157 2500 x
1201 2471 1212 2498 ἱ
1240 2474 1257 2501 σ

223 2503 448 2572 γραμμενους
462 2505 499 2548 εν
515 2506 560 2576 τη
578 2480 701 2580 βιβλιρ
713 2508 835 2577 ταυτῃ,
848 2507 912 2552 τον
926 2506 1081 2575 ουρανον
1096 2507 1158 2550 και
1176 2508 1218 2552 το
1236 2474 1319 2571 υδορ

224 2599 281 2675 καὶ
303 2596 348 2676 τὰ
370 2596 553 2696 πνεύματα
571 2597 616 2678 τὰ
637 2597 723 2699 ἅγια
751 2602 808 2678 καὶ
826 2597 908 2683 τοὺς
925 2598 1109 2699 ἀγγέλους
1128 2603 1194 2697 τῆς
1209 2630 1316 2700 προσ·

225 2730 329 2828 ευχῆς
348 2729 405 2802 καὶ
429 2723 471 2802 τὸ
497 2723 618 2803 ἐλαιον
645 2727 703 2802 καὶ
728 2724 770 2804 τδ
795 2723 887 2809 ἅλας
904 2729 962 2803 καὶ
982 2722 1050 2822 τὴν
1069 2729 1157 2824 γῆν.
1207 2731 1352 2807 Ταῖπα55

225 2854 271 2932 τά
288 2850 471 2950 θαυμάσια
492 2850 673 2954 μυστήρια
693 2863 758 2931 τοῦ
775 2851 966 2957 Ἠλχασαῖ
987 2850 1036 2929 τά
1059 2849 1248 2955 ἀπόρρητα
1267 2852 1316 2929 καί

224 2978 382 3078 μεγάλα,
413 2976 436 3055 ἀ
468 2979 692 3079 παραδίδωσι
721 2985 794 3063 τοῖς
821 2976 933 3082 ἀξίοις
964 2983 1158 3076 μαθηταῖς·
1189 2978 1240 3063 οῖς
1263 2979 1317 3057 οὐκ

225 3107 378 3205 ἀρκεῖται
408 3108 427 3182 ὁ
455 3104 599 3201 ἀνομος,
627 3104 713 3181 ἀλλ’
737 3107 794 3183 ἐπὶ
821 3104 885 3183 δύο
912 3105 970 3182 καὶ
999 3111 1111 3205 τριῶν
1139 3104 1317 3208 μαρτύρων

224 3228 451 3335 ἐνσψραγίζει
469 3228 515 3309 τὰ
533 3229 658 3309 ἑαυτοῦ
676 3229 778 3328 κακὰ,
795 3230 907 3310 πάλιν
920 3232 1032 3314 οὕτως
1045 3231 1182 3330 λέγων·
1208 3229 1318 3311 Πάλιν

226 3356 334 3457 λε’γω,
356 3353 384 3435 ὦ
403 3359 521 3460 μοιχοὶ
546 3359 604 3435 καὶ
625 3356 829 3460 μοιχαλίδες
852 3360 911 3434 καὶ
934 3358 1246 3462 ψευδοπροφῆται,
1264 3354 1351 3435 ε’ἀν6ο

226 3484 353 3581 θέλητε
378 3483 595 3588 ἐπιστρέψω
620 3482 678 3560 ἵνα
702 3481 955 3588 ἀψεθήσωνται
981 3485 1063 3580 ὑμῖν
1087 3488 1123 3561 αἱ
1148 3485 1315 3586 ἁμαρτίαι,

227 3612 284 3686 καὶ
309 3612 390 3706 ὑμῖν
417 3610 537 3711 εἰρήνη
564 3613 620 3687 καὶ
642 3609 747 3710 μέρος
764 3607 854 3707 μετὰ
872 3616 944 3687 τῶν
962 3609 1118 3705 δικαίων,
1140 3610 1205 3716 ἀφ’
1225 3610 1264 3688 οὗ
1278 3606 1316 3685 ἀν

227 3732 403 3831 ἀκοιίσητε
419 3740 483 3833 τῆς
497 3737 634 3828 βίβλου
648 3734 779 3834 ταύτης
792 3738 850 3813 καὶ
867 3738 1095 3832 βαπτισθῆτε
1111 3738 1153 3813 ἐκ
1170 3734 1317 3837 δευτέρον

227 3857 297 3939 σῖιν
321 3866 395 3943 τοῖς
418 3860 624 3959 ἐνδύμασιν.
674 3859 784 3941 Ἀλλ’
804 3863 876 3940 ἐπεὶ
903 3864 1083 3946 ἐπαοιδαῖς
1107 3861 1253 3946 τούτους
1275 3858 1313 3937 εί·

227 4019 340 4083 πομεν
358 3990 517 4090 χρῆσθαι
535 3988 594 4066 ἐπί
608 4022 646 4067 τε
671 3987 896 4087 κυνοδήκτων
914 3990 971 4066 καὶ
989 3987 1130 4091 ἐτέρων,
1153 3989 1310 4091 δείξομεν.
1320 3992 1346 4065 ⁶5

228 4112 334 4212 Λέγει
353 4111 389 4189 δέ
408 4114 531 4195 οὕτως·
557 4112 630 4192 Ἂν
648 4121 755 4194 τινῶν
773 4114 887 4218 ἀνδρα
908 4111 930 4213 ἢ
950 4120 1102 4214 γυναῖκα
1119 4112 1142 4213 ἦ
1163 4115 1315 4216 νεώτερον

269 4274 316 4342 46.
333 4274 410 4330 Fort.
424 4275 521 4348 τεκνίῳ.
838 4277 886 4331 61.
904 4275 975 4332 Cod.
990 4275 1089 4331 θέλετε.

267 4353 304 4409 ib.
322 4355 392 4410 Cod.
406 4354 548 4423 οίοδίγποτε.
837 4357 885 4412 66.
901 4357 925 4411 F
925 4365 978 4413 ort.
994 4356 1026 4409 ἀν
1038 4355 1084 4411 τιν’
1094 4358 1181 4430 ἄνδρα.

268 4434 315 4503 56.
332 4434 403 4490 Cod.
419 4434 537 4507 ἐλχασοῖ.
