2782 4972
191 284 234 346 44
632 284 850 350 ORIGENIS
1242 284 1327 359 ΙΗ-

189 446 264 525 τοῖς
280 439 468 525 τοσούτοις
486 445 594 521 αίῶσι
613 445 831 545 συνδραμεῖν
849 445 906 523 ἐπὶ
922 448 1006 541 μιᾶς
1020 442 1220 543 γενεσεως;
1238 446 1317 522 καίιὸ

189 575 315 663 ταῦτα,
347 567 414 672 οὐχ
442 564 557 670 ἅπαξ,
588 566 690 647 ἀλλὰ
716 566 897 653 πολλάκις
926 565 1037 668 οἶμαι,
1063 572 1152 674 παρ’
1172 572 1288 651 ἐλπίδα

189 693 365 773 πλειόνων
382 693 601 799 ε’ληλέγχθαι
619 692 686 793 τὴν
704 691 919 795 Χαλδαῖισγν
944 695 1079 801 τέχνην
1105 697 1190 776 ἔδει·
1219 699 1286 777 καί·

189 854 244 900 τοι
274 819 317 898 δι’
346 819 447 923 ἕτερα
476 822 584 918 αὐτῆς
615 821 716 918 ἡμῶν
742 819 986 920 μνησθέντων,
1014 824 1098 929 οὐχὶ
1128 824 1227 909 ἰδίως
1252 822 1287 902 δι’

190 946 312 1047 αύιήν.
372 947 482 1026 Ἀλλ’
501 948 573 1026 ἐπεὶ
596 946 828 1052 προῃρήμεθα
853 947 963 1048 μηδὲν
980 954 1057 1028 τῶν
1074 950 1163 1056 παρ’
1182 950 1288 1031 ἔθνεσι

190 1071 380 1174 δογμάτων
398 1080 619 1172 καταλιπεῖν,
636 1073 694 1152 διὰ
712 1072 779 1173 τὴν
795 1074 1017 1181 πολύφωνον
1029 1083 1109 1155 τῶν
1125 1078 1320 1180 αῖρείιεον4ο

189 1203 420 1303 πανουργίαν,
438 1199 567 1299 ἴδωμεν
585 1202 623 1279 τί
644 1199 795 1301 λέγουσι
820 1203 880 1279 καὶ
902 1206 935 1280 οί
959 1204 1040 1305 περὶ
1058 1210 1223 1304 μεγεθῶν
1238 1237 1287 1283 τε·

189 1325 416 1428 τολμηκύτες,
440 1327 472 1406 οί
500 1325 699 1412 κατιδόντες
725 1326 792 1427 τὴν
810 1334 882 1407 τῶν
899 1327 1079 1408 πλειόνων
1096 1364 1287 1429 ματαιοπο·

191 1456 281 1551 νίαν,
302 1454 422 1534 ἄλλου
440 1454 566 1540 ἄλλως
585 1453 873 1561 διαψευσομένου
894 1457 953 1533 καί
977 1456 1286 1558 εύδοκιμήσαισος,

189 1579 306 1680 μεῖζόν
333 1614 367 1659 τι
394 1582 603 1679 ἐτόλμησαν
630 1586 749 1678 εἰπεῖν,
780 1580 877 1665 ὅπως
907 1579 975 1661 ὑπὸ
1004 1588 1081 1660 τῶν
1110 1582 1158 1663 τὰ
1189 1580 1288 1686 μικριῖ

189 1705 386 1813 ψεύσματα
410 1705 578 1808 μεγάλως
604 1705 841 1810 δοξασοίντων
858 1705 1023 1808 μειζόνως
1041 1707 1285 1813 δοξασθῶσιν.
1293 1725 1319 1789 4⁵

191 1834 304 1913 Οὗτοι
335 1832 489 1919 κύκλους
522 1837 580 1913 καί
612 1833 723 1938 με’τρα
751 1830 908 1937 τρίγωνά
934 1868 973 1914 τε
999 1837 1059 1914 καί
1089 1835 1288 1940 τετράγωνα

190 1958 367 2041 διπλάσιά
398 1995 436 2041 τε
468 1963 527 2039 καὶ
558 1957 758 2063 τριπλάσια
791 1962 1023 2040 mmmm·
1053 1961 1177 2048 πολύς
1208 1962 1286 2044 δίί

189 2091 268 2192 περὶ
285 2088 413 2168 τούτου
432 2085 555 2188 λόγος,
577 2087 663 2165 ἀλλ’
685 2089 726 2168 ού
748 2085 840 2192 πρδς
863 2088 905 2167 τὸ
930 2089 1164 2191 προκείμενον
1181 2092 1284 2190 ἄναγ-

190 2221 300 2299 καῖος.

157 2335 180 2412 8
246 2339 455 2421 Ἱκανὸν
414 2375 477 2420 ουν
504 2339 694 2442 λογίζομαι
721 2340 934 2444 ἐξειπεῖν
893 2377 940 2421 τα
968 2343 1024 2420 ὑπ’
1045 2343 1167 2422 αὐτῶν
1190 2372 1316 2495 τερα-50

190 2467 448 2567 τολογούμενα.
508 2465 578 2547 Διὸ
595 2474 668 2553 τοῖς
686 2466 862 2566 ἐπιτίμοις
879 2464 1108 2573 χρησάμενος
1126 2464 1179 2547 ὧν
1195 2468 1284 2547 αύτοί

190 2594 416 2695 λέγουσιν,
398 2596 455 2673 επὶ
472 2629 518 2673 τα
536 2593 637 2698 ἕτερα
653 2593 897 2698 τραπήσομαι.
929 2593 1091 2695 Λέγουσι
1110 2594 1151 2675 δὲ
1167 2603 1281 2675 ταῦτα·

116 2712 181 2813 5ο.
190 2718 319 2824 κράτος
346 2719 472 2800 ἔδωκεν
501 2724 520 2800 ὁ
548 2721 819 2824 δημιουργήσας
847 2728 893 2825 τῇ
920 2722 1050 2801 ταύτοῦ
1082 2724 1144 2800 καὶ
1173 2722 1284 2821 ὁμοίου

189 2854 379 2954 περιφορᾷ·
419 2848 505 2946 μίαν
538 2846 610 2951 γὰρ
647 2846 758 2946 αὐτὴν
794 2848 977 2953 ἄσχιστον
1007 2844 1119 2945 εἴασε,
1152 2846 1219 2950 τὴν
1251 2845 1284 2925 δὲ

189 2973 287 3059 ἐντὸς
319 2974 455 3078 σχίσας
489 2972 602 3078 ἑξαχῆ
631 2969 721 3054 ἑπτὰ
752 2971 907 3058 κύκλους
934 2975 1082 3059 ἀνίσους
1109 2972 1203 3056 κατὰ
1226 2971 1316 3072 τῆνςς

189 3108 253 3179 τοῦ
291 3100 486 3179 διπλασίου
523 3096 716 3179 διάστασιν
751 3098 921 3200 ἑκάστην,
962 3102 1085 3180 οὐσῶν
1119 3099 1284 3203 ἑκατέραν

189 3232 308 3330 τριῶν,
327 3225 418 3305 κατὰ
445 3224 491 3306 τὰ
518 3226 659 3306 ἐναντία
686 3226 750 3325 μίν
768 3227 948 3327 ἀλλήλοις
965 3225 1192 3333 προσέταξεν
1208 3226 1284 3307 ίέναι

189 3352 272 3438 τοὺς
299 3352 465 3450 κύκλους,
484 3351 584 3458 τάχει
612 3351 648 3431 δὲ
675 3360 767 3457 τρεῖς
793 3352 858 3453 μὲν
876 3355 1018 3456 ὁμοίως,
1038 3352 1124 3440 τοὺς
1149 3355 1188 3436 δὲ
1208 3352 1281 3435 τίσ-

233 3656 282 3727 36.
298 3654 370 3711 Cod.
387 3654 490 3711 desinit
505 3655 533 3710 in
548 3654 641 3711 media
656 3674 719 3711 sen·
803 3672 852 3731 39.
869 3655 1043 3727 Cod.a=’m'1v.

191 3736 281 3796 tentia
306 3735 386 3792 Sexti
407 3740 430 3806 ς.
458 3752 523 3810 105.
559 3736 637 3792 Fort.
663 3736 719 3810 leg.
802 3736 841 3794 ib.
857 3735 929 3792 cod.
943 3738 1110 3810 προκρίμεθα.

192 3820 261 3874 ἀλλὰ
286 3820 420 3880 πολλάκις,
444 3813 522 3887 οἶμαι,
546 3817 605 3890 παρ’
630 3818 722 3873 ε’λπίδα
803 3830 853 3892 51.
869 3818 1085 3876 Cod.‹1›smale.

193 3901 210 3936 *
232 3899 248 3935 *
272 3897 288 3933 *
312 3898 379 3972 [διὰ]
400 3900 533 3954 πλειόνων.
575 3898 720 3954 Lacunam
803 3912 850 3972 53.
865 3898 946 3955 Plato
959 3898 1033 3955 Tim.
1050 3918 1078 3973 p.
1095 3900 1136 3975 36
1150 3902 1187 3959 C.

192 3981 329 4054 majorem
344 3978 390 4035 hic
401 3996 463 4035 esse
473 3986 560 4053 puto·
582 3998 646 4035 nam
661 3980 721 4051 παρ’
803 3991 820 4053 5
823 3992 851 4054 5
861 3978 906 4035 Ex
916 3979 1033 4037 Platone
1042 3981 1108 4039 dedi
1116 3983 1207 4057 ἑξαχῆ
1223 3978 1286 4040 Co&

192 4063 284 4118 ἐλπίδα
305 4060 342 4116 ad
361 4059 432 4116 nihil
451 4058 534 4134 plane
553 4059 698 4117 refertur
691 4079 721 4116 m
762 4061 833 4128 ἐξ’
804 4083 890 4129 ουτος.

193 4141 334 4200 sententia
347 4140 542 4216 sequentium·
563 4158 722 4215 quanquam
805 4140 852 4214 56.
870 4140 941 4198 Plat.
965 4142 1105 4199 διτλασιου
1125 4147 1167 4201 καὶ
1187 4148 1287 4221 τριπλα-

193 4220 261 4315 οίμαι
277 4224 319 4279 διὰ
331 4225 454 4279 πλειόνων
466 4220 623 4295 ε’λιγλεγχθαι
640 4240 721 4297 egre·
764 4224 832 4277 σίου.

193 4323 240 4381 g1e
251 4303 434 4361 confirmatur
445 4301 529 4359 sumh
538 4302 663 4360 clausula
672 4303 722 4360 fol
806 4318 854 4377 57.
871 4302 942 4360 Plat.
956 4304 1018 4358 κατὰ
1031 4304 1158 4365 ταναντία.

194 4386 256 4441 cod.
266 4400 306 4455 34
320 4383 381 4439 init.
806 4383 855 4458 58.
870 4384 942 4442 cod.
958 4384 1070 4455 ὁμοίους.
