2782 4972
152 289 195 355 46
594 290 813 356 ORIGENIS
1207 289 1254 353 lv.
1265 280 1293 345 fl·

1112 378 1156 429 μῆ

152 467 171 543 ὁ
193 460 258 561 μὲν
277 460 411 561 Σάμιος
435 463 680 568 Ἀρίσταρχος
707 462 906 570 ἀναγράφει
933 465 1101 543 σταδίων
1124 448 1250 561 ίαὸδὶ

151 603 404 688 Ἀπολλώνιος
442 600 584 705 μυριάδ.
625 591 668 711 φ,
708 610 727 686 ὁ
770 605 808 685 δὲ
845 606 1072 712 Ἀρχιμήδης
1114 604 1247 709 μυριάδ.

151 733 226 852 ff&
252 751 311 826 καὶ
337 746 465 848 μονάδ.
480 734 572 860 ff«.
614 744 709 825 Ἀπὸ
735 744 857 826 δέτοῦ
879 753 1099 844 σεληνιακοῦ
1122 748 1179 826 ἐπὶ
1195 745 1250 827 τὸν

152 901 216 972 τοῦ
238 894 342 992 ἡλίου
360 892 495 973 κύκλον
513 895 671 974 σταδίων
688 891 829 995 μυριάδ.
845 874 916 1006 ἐκεῖ
933 896 992 970 καὶ
1012 889 1145 989 μονάδ.
1167 876 1247 993 fl}

151 1019 249 1100 Ἀπὸ
280 1022 429 1100 τοῦδε
411 1027 466 1101 επὶ
499 1019 563 1101 τὸν
591 1024 655 1118 τῆς
682 1019 899 1125 Ἀφροδίτης
932 1018 1070 1098 κύκλον
1099 1019 1281 1105 σταδίωνφ

152 1161 293 1266 μυριάδ.
317 1162 393 1276 εκζ
401 1198 459 1242 και
447 1160 635 1261 μονάδας
655 1162 745 1276 βξε.
796 1163 891 1243 Ἀπὸ
912 1164 1056 1242 τοῦδε’
1036 1166 1096 1242 επὶ
1112 1160 1178 1242 τὸν
1194 1170 1249 1241 τοῦ

152 1307 290 1409 Ερμοῦ
327 1305 461 1385 κύκλον
499 1307 657 1386 σταδίων
693 1305 835 1458 μυριάδ.
860 1341 949 1419 επα,
988 1305 1120 1407 μονάδ.
1160 1305 1245 1411 φρξε.

153 1432 249 1513 Ἀπὸ
267 1432 394 1513 τούτου
416 1431 494 1510 δί’
475 1437 533 1513 επὶ
550 1431 614 1513 τὸν
632 1442 697 1513 τοῦ
725 1432 915 1536 πυρόεντος
942 1431 1080 1513 κύκλον
1099 1436 1248 1515 σταδίων

154 1562 703 1687 μυριάδ.1δφ-νδ,ριονάδ.1δῶ.
763 1574 858 1656 Ἀπὸ
885 1572 1013 1656 τούτου
1042 1576 1084 1656 δὲ
1110 1578 1168 1658 ἐπὶ
1192 1574 1248 1656 τὸν

154 1728 219 1798 τοῦ
246 1715 335 1803 Διὸς
366 1717 501 1797 κύκλον
531 1720 690 1798 σταδίων
715 1717 856 1822 μυριάδ.
880 1705 969 1830 βῙζ,
995 1718 1157 1818 μονάδας
1179 1706 1280 1833 Ιε-ξῖος

154 1843 250 1927 Ἀπὸ
277 1844 405 1926 τούτου
432 1844 469 1924 δὲ
500 1847 556 1924 ἐπὶ
585 1844 650 1925 τὸν
677 1855 741 1926 τοῦ
771 1843 913 1949 Κρόνου
937 1845 1075 1925 κύκλον
1098 1848 1247 1927 σταδίων

154 1989 295 2095 μυριάδ.
312 1977 402 2104 ‘Q
423 1986 549 2088 μονάδ.
573 1976 662 2101 βῖε.
710 1988 806 2070 Ἀπὸ
823 1988 952 2070 τούτου
970 1989 1008 2069 δὲ
1026 1993 1087 2069 ε’πὶ
1105 1990 1170 2071 τὸν
1187 1989 1244 2091 ζω-

155 2117 276 2199 διακὸν
303 2122 361 2197 καὶ
387 2114 454 2215 τὸν
484 2114 642 2220 ἐσχάτην
668 2116 889 2223 περιφέρειαν
916 2117 1076 2196 σταδίων
1101 2114 1245 2219 μυριάδ,

157 2250 220 2372 fl}
232 2259 358 2359 μονάδ.
375 2247 438 2372 ᾗ.

119 2414 146 2488 9
211 2385 270 2465 Τὸ
298 2386 362 2484 μὸν
380 2385 440 2465 ἀπ’
465 2387 642 2486 ἀλλήλων
667 2387 892 2487 διαστήματα
921 2393 993 2466 τῶν
1023 2386 1169 2467 κύκλων
1196 2390 1264 2464 καίι

154 2520 227 2592 τῶν
240 2517 421 2620 σφαιρῶν,
437 2511 533 2612 βάθη
551 2548 589 2593 τε
610 2511 678 2594 ῦπὸ
696 2523 761 2594 τοῦ
774 2512 1013 2619 Ἀρχιμήδους
1031 2514 1242 2593 ἀποδίδοται.

154 2644 231 2719 Τοῦ
251 2637 288 2718 δὲ
306 2637 532 2740 ζωδιακοῦ
492 2676 559 2738 την
576 2641 784 2743 περίμετρον
803 2636 979 2739 λαμβάνει
997 2641 1158 2719 σταδίων
1176 2642 1243 2717 δευ-

152 2784 265 2887 τίρων
290 2786 448 2887 ἀριθμῶν
473 2786 495 2860 δ
521 2818 580 2861 και
566 2781 748 2886 μυριάδ.
771 2778 959 2894 δφλα·”
929 2815 1025 2862 ωστε
1042 2783 1246 2882 συμβαίνειν

152 2946 219 3009 την
248 2913 286 2990 ἐκ
317 2921 381 2990 τοῦ
413 2911 557 3012 κε’ντρου
586 2909 778 2989 εὐθεῖαν*
750 2942 834 3014 αχρι
862 2911 926 3007 τῆς
956 2910 1229 3015 ἐπιφανειὸις
1191 2942 1247 3007 της
1253 2942 1268 3001 5

152 3035 308 3141 ἐσχάτης
332 3041 401 3137 γῆς
422 3035 464 3117 τὸ
488 3032 639 3116 ἔκταν’
607 3070 694 3115 ειναι
711 3044 775 3115 τοῦ
801 3033 988 3140 λεχθέντος
1005 3037 1170 3138 ἀριθμοῦ,
1189 3041 1247 3114 τοῦ

154 3163 191 3242 δὲ
219 3160 290 3242 ἀπὸ
317 3165 381 3260 τῆς
407 3164 610 3269 ἐπιφανείας
633 3167 697 3261 τῆς
715 3166 782 3262 γῆς
801 3162 863 3267 ἀφ’
882 3161 925 3260 ἧς
942 3159 1148 3260 βὲβῆκαμεν
1171 3162 1248 3267 ἄχρι

152 3296 217 3369 τοῦ
241 3286 422 3387 ζωδιακοῦ,
443 3290 523 3392 ἀρτι
542 3290 648 3393 ῥηθὲν
666 3289 767 3367 ἕκτον
784 3296 848 3367 τοῦ
867 3291 1030 3390 ἀριθμοῦ,
1051 3293 1179 3368 λεῖπον
1196 3286 1246 3367 τί·

152 3449 261 3519 τρασι
279 3414 427 3519 μυριάσι
445 3417 603 3496 σταδίων
622 3413 642 3496 ὸ
659 3418 698 3494 ἐκ
715 3423 780 3494 τοῦ
798 3413 943 3516 κε’ντρου
966 3417 1031 3511 τῆς
1056 3418 1124 3513 γῆς
1148 3415 1250 3519 μέχρι

152 3547 216 3642 τῆς
232 3545 434 3647 ἐπιφανείας
452 3545 571 3640 αὐτῆς.
628 3539 724 3621 Ἀπὸ
742 3549 806 3619 τοῦ
828 3540 970 3643 Κρόνου
988 3542 1026 3620 δὲ
1043 3540 1181 3622 κύκλου
1197 3544 1253 3623 ε’πὶ
1265 3578 1293 3619 ιο

151 3665 218 3766 τὴν
235 3672 305 3769 γῆν
324 3672 418 3775 φησὶ
445 3666 487 3747 τὸ
516 3666 696 3767 διάστημα
726 3668 884 3748 σταδίων
908 3668 1077 3771 δευτέρων
1095 3672 1254 3772 ἀριθμῶν

151 3807 237 3889 εἶναι
261 3807 387 3908 μονάδ.
410 3808 473 3890 δύο
501 3814 559 3888 καὶ
588 3796 729 3914 μυριάδ
753 3796 878 3922 βσ-ξ-θ,
903 3815 962 3889 καὶ
988 3809 1115 3908 μονάδ.
1132 3800 1250 3923 fil—ff.

195 4120 222 4160 2.
239 4102 310 4159 Cod.
324 4103 352 4157 δὲ
367 4120 418 4176 ρτο
432 4124 469 4156 τε.
722 4113 805 4179 gesto
818 4103 867 4160 lib.
883 4102 938 4159 111.
954 4122 1016 4176 cap.
1034 4121 1060 4158 2.

192 4182 231 4239 ib.
253 4182 331 4239 Fort.
355 4182 384 4239 in
413 4182 499 4239 hodie
528 4182 680 4256 deperditis
763 4184 790 4241 6.
805 4187 852 4257 γῆς
866 4183 978 4241 delend.

152 4263 394 4321 observationibus
422 4262 581 4320 caelestibus
611 4283 678 4337 qua·
764 4281 790 4337 7.
806 4265 878 4321 Cod.
895 4265 937 4336 ἐφ’
952 4264 990 4333 ἧς.

152 4362 214 4401 rum
226 4344 355 4402 meminit
366 4344 535 4402 Ptolemaeus
545 4345 573 4401 in
584 4343 680 4400 Alma·
768 4345 1079 4417 ιι.(“οι1.ιὶριθμᾶσθω.
