2782 4972
176 262 220 331 ιι
621 271 835 337 οαιοααιε
1209 271 1328 356 υπη-

175 439 353 510 τοσοῦτον
377 433 522 536 ἀφαιρεῖ
543 438 609 509 τοῦ
634 427 907 529 σκεπάσματος,
927 429 1019 511 ὅσον
1036 427 1085 509 ἂν
1103 434 1275 534 συνεργή·

176 592 240 636 σαι
268 554 311 636 τό
337 557 588 659 προσμίμημα,
611 555 701 636 κατὰ
727 554 792 636 τόν
819 553 942 659 καιρὸν
966 559 1031 654 τῆς
1055 557 1221 658 σελήνης
1242 554 1298 643 τός

176 688 316 788 σχήμα,
348 683 436 788 χρίει
469 681 506 760 δὲ
536 680 583 761 τὰ
615 684 848 790 διαφαίνοντα
879 692 944 763 τοῦ
973 682 1167 782 τυμπάνου
1198 684 1280 787 μέρη

177 807 379 913 κινναβάρει
397 811 455 887 καὶ
473 806 595 909 κόμμι,
616 811 674 887 καὶ
700 812 766 907 τῆς
782 811 1039 911 ε’τυμολογικής
1058 808 1098 888 δὲ
1122 810 1280 912 λαγύνου

176 934 374 1042 περικόψας
386 932 451 1014 τὸν
463 931 650 1038 τράχηλον
663 936 721 1012 καὶ
738 931 803 1014 τόν
819 934 995 1032 πυθμένα,
1007 937 1119 1021 ε’νθεὶς
1134 937 1279 1042 λύχνον,

177 1062 236 1138 καὶ
261 1060 411 1162 περιθείς
427 1094 463 1139 τι
480 1066 554 1138 τῶν
571 1060 774 1158 ἐπιτηδείων
790 1057 882 1162 πρὸς
899 1056 942 1140 τό
961 1062 1120 1160 διασχεῖν
1142 1066 1278 1167 σχῆμα,

176 1184 241 1270 τὰς
270 1187 326 1292 ἐφ’
358 1188 506 1292 ὑψηλοῦ
537 1184 697 1289 κρύβδην
728 1183 797 1265 ὑπό
828 1220 924 1271 τινος
951 1185 1094 1285 σκέπην
1126 1188 1185 1272 τίς
1214 1195 1313 1267 τοῖνῑο

177 1318 427 1412 συμποικτῶν,
448 1311 538 1412 μετὰ
564 1310 606 1392 τό
635 1319 763 1406 λαβεῖν
783 1310 825 1392 τό
851 1312 1019 1412 σύνθημα
1043 1315 1084 1392 ἐκ
1108 1315 1280 1418 μετεώρου

178 1445 327 1543 καταχεῖ
342 1436 388 1517 τὰ
402 1437 643 1543 μηχανήματα
655 1436 752 1519 όίστε
766 1441 881 1517 δοκεῖν
897 1436 941 1541 ἐξ
957 1440 1113 1541 ούρανοῦ
1130 1441 1279 1520 κατιέναι

177 1561 243 1661 τήν
261 1563 434 1662 σελήνην.
485 1563 540 1644 Τὸ
566 1563 603 1642 δὲ
628 1564 751 1664 όμοιον
776 1566 835 1643 καὶ
861 1563 919 1643 διὰ
942 1564 1078 1670 χύτρας
1095 1568 1280 1668 γίνεταιέν

179 1688 335 1770 ύλιόδεσι
351 1687 483 1773 τόποις.
544 1688 617 1770 Διὰ
642 1688 680 1767 δὲ
706 1693 771 1789 τῆς
787 1690 921 1795 χύτρας
939 1694 998 1771 καὶ
1018 1690 1065 1772 τὰ
1090 1695 1168 1774 κατ’
1190 1691 1280 1774 οἶκον

177 1814 346 1917 παίζεται.
397 1822 529 1914 Βωμοῦ
547 1814 619 1920 γὰρ
637 1816 805 1914 κειμένου,
826 1816 975 1899 κατόπιν
1000 1826 1111 1898 κεῖται
1129 1822 1152 1920 ἡ
1170 1820 1311 1928 χύτραις

177 1943 314 2048 ἔχουσα
332 1940 469 2048 λύχνον
488 1944 675 2049 φαίνοντα.
703 1941 853 2025 Ὄντων
871 1943 908 2023 δὲ
925 1944 1103 2026 πλειόνων
1121 1948 1278 2054 λύχνων,

179 2069 279 2149 ούδέν
310 2078 471 2150 τοιοῦτον
500 2069 684 2149 δείκνυται.
735 2069 853 2150 Ἐπόιν
881 2072 945 2151 οὖν
975 2074 1280 2174 ἐπνεαλέωητωό

178 2197 340 2282 ἐπαοιδός
375 2195 442 2296 τήν
473 2195 647 2296 σελήνην,
682 2194 820 2282 πάντας
851 2196 981 2277 κελεύει
1012 2197 1098 2283 τοὺς
1128 2200 1281 2306 λύχνους

179 2320 414 2418 σβέννυσθαι,
434 2322 496 2400 ἕνα
519 2321 557 2400 δὲ
579 2320 740 2426 ἀμαυρόν
758 2330 977 2421 καταλιπεῖν,
998 2326 1057 2403 καὶ
1073 2324 1156 2406 τότε
1173 2328 1279 2406 ‹ivra-

180 2450 297 2552 νακλᾷ
323 2445 365 2526 τὸ
394 2453 473 2552 φῶς
500 2445 542 2527 τό
574 2451 612 2527 ἐκ
642 2453 707 2548 τῆς
733 2448 867 2554 χύτρας
894 2455 943 2536 είς
968 2448 1032 2531 τόν
1060 2451 1201 2559 ὄροφον
1227 2455 1318 2532 καίεο

179 2571 323 2676 παρέχει
354 2574 562 2679 φαντασίαν
593 2574 764 2674 σελήνης,
798 2580 857 2655 καὶ
887 2582 962 2661 τοῖς
993 2586 1176 2680 παροῦσαι
1207 2579 1279 2659 ε’πι·

179 2699 446 2783 σκεπασθέντος
463 2708 528 2779 τοῦ
545 2699 727 2799 στόματος
744 2705 809 2800 τῆς
826 2700 960 2806 χύτρας
976 2700 1069 2806 πρὸς
1086 2702 1107 2784 δ
1125 2706 1282 2787 ἀπαιτεῖν

180 2830 200 2906 ὁ
229 2823 350 2931 καιρός
377 2830 474 2906 δοκεῖ
500 2829 549 2910 ὡς
577 2830 742 2932 μηνοειδῆ
777 2829 978 2908 δεύινυσθαι
1010 2831 1049 2908 εὐ
1077 2833 1131 2937 τῷ
1159 2830 1283 2938 ὀρόφῳ

180 2950 246 3050 τήν
264 2953 482 3059 φαντασίαν.

117 3079 170 3180 38
210 3076 413 3178 1Ἀστέρος
437 3075 475 3153 δὲ
498 3072 584 3155 εἶναι
608 3080 722 3156 δοκεῖν
748 3086 893 3158 ποιοῦσι
914 3085 1083 3182 θρισσῶν
1107 3080 1322 3184 ίππούρουνς

181 3204 328 3310 φολίδες
356 3205 456 3283 ίίδατι
482 3202 571 3303 μετὰ
602 3205 764 3303 κόμμεως
796 3205 993 3303 δεδομέναι
1024 3210 1085 3287 καὶ
1115 3242 1280 3312 προοπεν

180 3330 386 3429 πλασμέναι
403 3334 454 3438 τῷ
472 3328 595 3438 ὀρόφῳ
613 3329 704 3410 κατὰ
722 3332 969 3431 διαλείμματα.

121 3465 172 3544 39
238 3463 396 3558 Σεισμοῦ
431 3456 469 3536 δὲ
499 3458 706 3563 φαντασίαν
736 3466 904 3538 ποιοῦσιν
937 3462 985 3542 ὡς
1018 3462 1134 3539 δακεῖν
1165 3459 1283 3542 πάντα

222 3678 249 3731 4
272 3661 351 3717 Fort.
367 3664 478 3734 συνεργῇ
495 3661 563 3734 αὐτῷ
582 3662 647 3731 πρὸς
666 3661 708 3730 μ’·
792 3679 822 3735 9.
843 3660 922 3717 Fort.
937 3660 993 3734 leg.
1008 3661 1131 3733 σχῆματο
1144 3662 1162 3718 δ
1175 3665 1218 3737 ἐφ’
1232 3667 1281 3736 ὑφ.

180 3766 250 3813 μημα
268 3738 347 3815 [οἷον]
364 3741 435 3797 κατά.
750 3740 915 3810 -σκίπηται
929 3741 974 3797 vel
988 3741 1119 3800 σκέππαι.

223 3822 250 3878 6.
269 3821 341 3878 Cod.
360 3822 535 3893 διοφοίροντο.
577 3820 632 3876 Pro
653 3839 709 3894 quo
794 3818 1080 3896 12.00d.q3236«w.

182 3904 346 3976 διαφαίνοντα
355 3901 441 3959 malui
453 3919 537 3974 quam
548 3901 710 3974 διαφέροντα.
795 3918 843 3956 21.
867 3899 939 3957 Cod.
960 3902 1091 3974 παρέχειν.
1135 3902 1206 3961 Fort
1227 3903 1281 3961 del.

225 3998 252 4058 7.
268 3982 341 4040 Cod.
357 3986 464 4053 κιναβαρ
480 3982 520 4036 καὶ
535 3984 601 4051 κόμι.
641 3981 709 4038 For·
752 3983 799 4035 καί.

181 4069 257 4121 tasse
271 4067 360 4134 κόμμα
373 4061 563 4126 scribendum,
574 4061 639 4135 quia
649 4066 708 4132 κόμ-
792 4061 829 4116 ib.
846 4063 887 4117 καὶ
901 4060 1054 4119 delendum
1067 4061 1192 4121 videtur.

180 4167 247 4212 μεως
256 4162 376 4218 suprap.
386 4143 458 4218 71,l.
468 4141 543 4198 26et
551 4141 624 4198 infra
635 4142 654 4197 l.
664 4141 709 4198 26.
795 4158 809 4196 2
814 4155 841 4216 5.
856 4142 928 4216 Leg.
944 4143 1090 4214 θριοσὸνη
1104 4143 1240 4218 indm.

223 4223 260 4282 ib.
274 4223 476 4297 Cod.)myr‘yvov.
499 4222 563 4279 Hoc
574 4224 708 4295 ἔπιμολοχ.
794 4223 840 4278 26.
856 4222 929 4279 Cod.
945 4226 1050 4294 κθμεοις.

182 4305 249 4378 quid
267 4304 321 4362 sibi
336 4304 404 4361 velit
420 4305 531 4379 ignoro.
574 4304 651 4361 Fort.
666 4305 710 4372 τηε
794 4303 840 4358 28.
855 4303 926 4358 Cod.
942 4302 971 4359 in
985 4322 1077 4379 marg.
1089 4308 1204 4376 σεισμοῦ
1216 4306 1280 4376 φο·

181 4387 218 4441 ἔτι
231 4386 374 4459 ὁλοκλήρου
387 4385 507 4458 λαγήνου.
750 4383 834 4436 τασία.
