2782 4972
89 325 154 389 226
529 322 746 390 ORIGENIS
1111 324 1183 388 v11.
1198 325 1227 386 16

87 490 192 594 μέρος
227 486 326 595 ζῴων
358 488 444 566 ἰδέαι
474 486 541 587 τὴν
576 488 781 572 ι’πτόστασιν
812 491 953 597 έχουσι.
1017 496 1094 572 Καὶ
1123 492 1193 571 ε’ίττι

87 625 181 698 πᾶσι
208 622 282 700 τοῖς
310 610 410 720 ζῴοις
436 620 510 699 τοῖς
537 617 781 716 γεγεωημένοις
807 619 846 696 έν
878 618 991 698 εἴδεσι
1019 627 1131 698 τοῦτο
1155 616 1192 698 τὸ

88 745 241 823 ἀνείδεον
264 739 354 848 ζῷον
380 741 439 818 καὶ
462 745 536 818 τῶν
558 743 803 841 γεγενημένων
828 745 944 824 οὐδέν.
988 742 1108 825 Ἔστι
1126 743 1191 846 γάρ

87 870 273 973 ἄνθρωπος
305 866 396 972 ζῴον
428 864 488 944 ἀπ’
512 867 643 947 ἐκείνου
673 879 737 949 τοῦ
771 867 862 976 ζῴου
893 869 1105 969 λαμβάνων
1131 869 1224 969 dms

86 994 214 1101 ἀργῶν,
234 995 293 1072 καὶ
315 989 406 1096 ζῷον
429 989 538 1074 ἵππος
561 993 621 1073 ἀπ’
640 996 771 1075 ἐκείνου
788 1003 853 1075 τοῦ
871 993 967 1101 ζῴον
990 995 1190 1096 λαμβάνων

85 1122 151 1221 τὴν
170 1119 294 1226 ἀρχήν.
324 1120 373 1196 Ὁ
391 1116 500 1199 ἵππος
518 1121 576 1195 καὶ
593 1127 683 1213 βοῦς
701 1123 760 1200 καὶ
777 1121 954 1202 κύωνκαὶ
972 1131 1050 1203 τῶν
1068 1125 1188 1203 ἄλλων

85 1246 185 1356 ζῴων
208 1248 362 1325 ἕκαστον
386 1239 458 1321 ἀπὸ
485 1251 549 1323 τοῦ
573 1242 665 1353 ζῴου
683 1257 747 1328 τοῦ
772 1250 894 1328 ἁπλοῦ
922 1248 1109 1348 λαμβάνει
1128 1247 1187 1346 τὴν

84 1373 213 1480 ἀρχὴν,
235 1374 349 1452 ὅέστι
368 1366 504 1449 τούτων
522 1369 601 1449 οῦδὲ
618 1373 668 1451 έν.

26 1514 72 1592 17
140 1505 185 1579 Εἰ
214 1499 251 1577 δὲ
284 1502 347 1579 οῦκ
374 1500 453 1582 έστι
479 1497 616 1581 τούτων
643 1502 723 1582 οὐδὲ
752 1498 790 1579 ἓν
816 1503 930 1580 έκεῖνο
957 1499 1002 1580 τό
1034 1500 1126 1607 ζῴον
1149 1499 1217 1603 ἔξω

83 1629 146 1706 οῦκ
174 1627 287 1707 ὄντων
314 1631 460 1731 γέγονεν
487 1634 510 1731 ἡ
538 1638 611 1712 τῶν
634 1626 877 1731 γεγενημένων
901 1625 998 1706 κατὰ
1016 1629 1181 1730 Ἀριστο·

80 1754 191 1852 τέλην
219 1755 422 1842 ὑπόστασις
443 1765 468 1816 *
489 1756 561 1860 γὰρ
586 1755 628 1836 τὸ
653 1753 743 1862 ζῷον
771 1754 851 1833 ὅθεν
878 1762 998 1832 ταῦτα
1032 1755 1178 1861 ἐλήφθη.

83 1878 189 1961 Κατὰ
206 1881 312 1984 μέρος
329 1885 430 1962 ἐστὶν
449 1883 528 1963 οὐδὲ
544 1883 595 1980 ἓν,
617 1879 696 1962 οῦδὲ
715 1881 764 1960 έν.
806 1876 904 1958 Οῦδὲ
922 1879 1050 1958 ένδέον
1068 1880 1180 1980 γέγονε

79 2014 153 2086 τῶν
171 2008 284 2087 ὅντων
301 2010 365 2108 μία
382 2045 435 2095 τις
454 2009 560 2116 ἀρχή.
610 2010 676 2093 Τίς
697 2007 734 2086 δέ
756 2009 777 2085 ό
797 2005 933 2104 ταύτην
954 2014 1177 2104 καταβεβλη-

78 2134 182 2231 μένος
209 2133 275 2232 τὴν
303 2138 430 2216 ούσίαν
456 2143 529 2216 τῶν
556 2134 758 2237 γεγονότων
786 2135 943 2234 ὕστερον
971 2131 1105 2239 ἀρχὴν,
1130 2135 1209 2226 έτὶ85

78 2257 142 2338 τόν
161 2265 286 2338 οἰκεῖον
303 2261 484 2365 ἐρχόμενοι
502 2271 663 2341 τοιοῦτον
681 2259 795 2361 λόγον
812 2261 976 2362 ἐροῦμεν.

21 2382 67 2457 18
134 2382 279 2481 Ἐπειδὴ
304 2388 403 2464 ἐστὶν
426 2389 449 2485 ἡ
474 2389 581 2468 οῦσία
605 2390 722 2492 τριχῆ,
744 2389 792 2470 ὡς
809 2384 915 2490 έφην,
940 2385 1062 2485 γένος,
1083 2382 1173 2479 εἶδος,

77 2507 223 2606 ἄτομον,
245 2511 304 2587 καὶ
329 2512 473 2610 ἐθέμεθα
490 2511 532 2592 τό
551 2514 655 2613 γένος
672 2508 759 2590 εἶναι
777 2508 880 2617 ζῷον,
900 2508 969 2590 τόν
988 2509 1027 2588 δὲ
1044 2513 1173 2614 άνθρω·

75 2668 146 2712 πον
171 2631 261 2719 εἶδος
278 2644 351 2716 τῶν
369 2646 524 2717 πολλῶν
542 2636 641 2745 ζῴων
657 2638 725 2736 ἤδη
749 2637 1030 2741 κεχωρισμένον,
1052 2671 1171 2739 ονγκε·

75 2762 228 2864 χυμένον
252 2763 289 2842 δὲ
318 2764 413 2862 ὅμως
437 2763 487 2842 έτι
510 2768 568 2842 καὶ
593 2764 701 2864 μήπω
724 2761 1010 2866 ραμορφωμένον
1030 2770 1079 2850 εἰς
1096 2762 1206 2852 εἷδοςςο

75 2890 201 2972 οὐσίας
236 2892 453 2987 ῦποστατῆς,
491 2888 637 2988 ὀνόματι
668 2888 871 2995 μορφώσας
903 2887 971 2967 τόν
1007 2890 1084 2972 ἀπὸ
1120 2901 1173 2971 τοῦ

74 3011 200 3111 γένους
236 3014 422 3116 ληφθέντα
459 3015 649 3119 ἄνθρωπον
686 3010 868 3113 ὀνομάζων
906 3013 1121 3118 Σωκράτην,
1155 3014 1173 3113 ἢ

75 3139 264 3238 Διογένην,
285 3139 313 3238 ἤ
331 3175 365 3219 τι
392 3148 464 3220 τῶν
491 3150 645 3222 πολλῶν
673 3138 857 3239 ὀνομάτων
882 3137 933 3235 ἓν,
955 3143 1017 3218 καὶ
1044 3142 1173 3222 ε’πειδὰν

74 3263 219 3364 ὀνόματι
248 3264 444 3360 καταλάβω
467 3265 531 3346 τόν
559 3267 748 3370 ἄνθρωπον
775 3263 865 3349 εἶδος
883 3264 1011 3366 γένους
1034 3302 1171 3369 γεγενη-

72 3389 190 3488 μένον,
210 3392 345 3491 ἄτομον
364 3399 465 3470 καλῶ
483 3391 549 3490 τὴν
567 3390 733 3490 τοιαύτην
751 3391 891 3470 οὐσίαν.
923 3389 1093 3492 Ἐτμήθη
1110 3391 1206 3495 γᾶρ95

72 3514 114 3594 τὸ
144 3515 207 3613 μέν
235 3518 337 3618 γένος
364 3523 411 3601 είς
439 3515 542 3615 εἶδος,
563 3516 605 3597 τὸ
635 3517 672 3596 δὲ
700 3513 791 3601 εἶδος
817 3522 865 3601 εὶς
893 3516 1046 3615 ἄτομον,
1074 3517 1173 3599 τόδὲ

72 3641 207 3737 ἄτομον
225 3643 365 3722 ἐπειδὰν
384 3644 528 3744 γένηται
546 3643 690 3741 ὀνόματι
710 3641 1003 3755 κατειλημμένον,
1017 3647 1089 3748 ούχ
1106 3643 1173 3723 οἷον

35 3806 59 3848 r.
70 3771 246 3864 τμηθῆναι
277 3768 368 3847 κατὰ
400 3767 513 3874 φύσιν
545 3774 592 3853 είς
619 3769 717 3847 ἄλλο
750 3804 797 3865 τι,
828 3770 876 3851 ὡς
905 3767 1077 3865 ε’τέμομεν
1107 3776 1172 3849 τῶν

70 3893 366 3994 προλελεγμένων
385 3894 549 3974 ἕκαστον.
585 3892 731 3991 Ταύτην
749 3892 1011 3998 Ἀριστοτέλης
1028 3894 1170 3998 πρώτην

70 4021 128 4095 καὶ
146 4016 320 4116 μάλιστα,
335 4021 392 4096 καὶ
412 4019 631 4120 κυριωτάτην
652 4017 804 4128 [οὐσίαν
823 4018 968 4130 καλεῖ],
989 4021 1080 4121 μήτε
1098 4020 1167 4101 καθ
1177 4045 1187 4084 ¹

114 4214 159 4272 73.
175 4197 247 4254 cod.
261 4180 349 4253 πᾶῦις.
386 4196 431 4250 An
446 4197 545 4260 βάσιςῖ
683 4198 792 4271 82-84.
816 4198 864 4256 Sic
879 4199 1014 4257 distincta
1028 4201 1058 4256 in
1073 4203 1135 4259 cod.

111 4279 149 4335 ib.
160 4279 232 4334 Cod.
245 4278 322 4334 ἴδεσι.
352 4276 430 4332 Fort.
443 4277 509 4332 add.
521 4278 597 4349 ἀρχή.
683 4278 730 4351 89.
746 4280 1031 4353 Οοά.ἕτισιιγκεχ.δε“
1046 4283 1165 4353 amin.

114 4373 127 4432 7
132 4373 159 4433 5.
177 4359 249 4415 Cod.
265 4359 371 4414 ἀνίδεον.
682 4375 730 4433 97.
746 4360 769 4414 F
770 4371 823 4416 ort.
839 4362 889 4432 οὐχ
903 4357 957 4415 οἶόν
970 4383 1000 4415 τε
1013 4384 1057 4431 τμ.

112 4456 146 4511 75
164 4448 193 4494 et
210 4441 256 4513 76.
272 4439 343 4514 Leg.
359 4441 500 4508 λαμβάνον.
685 4458 709 4494 1.
729 4439 843 4496 Lacuna
857 4441 886 4496 in
900 4440 965 4497 cod.
