2782 4972
222 282 243 346 6
663 280 878 346 ORIGENIS

221 442 374 547 χρόνων,
391 442 433 540 ἧς
451 437 538 543 ἦρξε
559 439 789 544 Πυθαγόρας,
805 442 846 521 δν
867 440 1002 541 Σάμιόν
1020 477 1112 529 τινες
1130 444 1319 545 λέγουσιν.

219 570 265 669 ἢν
283 568 446 668 ίταλικὴν
462 566 765 671 προσηγόρευσαν
779 568 837 647 διὰ
854 567 896 649 τό
915 567 979 649 τόν
995 567 1217 672 Πυθαγόραν
1233 571 1321 677 φεύ·

221 733 334 799 γοντα
358 694 599 799 Πολυκράτην
617 695 680 776 τδν
701 695 837 796 Σάμιον
854 696 1029 800 τύραννον
1048 702 1192 798 οἰκῆσαι
1213 682 1349 780 πόλινΙ

220 830 285 925 τῆς
303 825 474 920 Ἰταλίας,
488 824 588 930 κᾴκεῖ
602 823 666 904 τόν
684 826 766 919 βίον
784 831 991 927 πληρῶσαι.
1024 826 1083 905 Οὗ
1100 824 1168 924 τὴν
1185 827 1367 930 α’ίρεσιν30

222 957 254 1031 οἱ
273 949 515 1054 διαδεξάμενοι
538 954 579 1030 οὐ
602 950 700 1031 πολὺ
717 951 904 1052 διήνεγκαν
921 960 985 1030 τοῦ
1004 952 1113 1031 αὐτοῦ
1132 952 1322 1059 φρονήμα·

220 1114 293 1164 τος.
328 1082 399 1158 Καὶ
417 1076 524 1162 αὐτὸς
543 1076 580 1156 δὲ
599 1082 678 1181 περὶ
697 1085 864 1184 φυσικῶν
879 1077 1036 1179 ζητήσας
1053 1077 1173 1182 ἔμιξεν
1185 1083 1321 1182 ἀστρο-

221 1207 347 1305 νομίαν
358 1210 416 1284 καὶ
434 1206 650 1308 γεωμετρίαν
666 1208 723 1283 καὶ
742 1206 932 1304 μουσικήν.
967 1209 1039 1285 Καὶ
1054 1208 1165 1289 οὕτως
1183 1204 1324 1304 μονάδα

219 1331 284 1431 μὲν
302 1328 387 1410 εἶναι
407 1329 615 1437 ἀπεφήνατο
633 1330 698 1410 τὸν
712 1330 806 1427 θεὸν,
824 1335 974 1434 ἀριθμοῦ
994 1330 1030 1410 δὲ
1049 1330 1165 1439 φύσιν
1183 1331 1321 1434 περιέρ·

220 1492 294 1558 γως
321 1457 536 1556 καταμαθὼν
553 1461 725 1565 μελῳδεῖν
743 1457 812 1565 ἔφη
837 1457 901 1539 τόν
926 1457 1066 1559 κόσμον
1085 1463 1143 1538 καὶ
1170 1459 1364 1564 ἁρμονίᾳςς

220 1591 446 1685 συγκεῖσθαι,
467 1588 525 1663 καὶ
552 1591 625 1663 τῶν
643 1584 732 1664 ἑπτὰ
757 1584 905 1691 ἄστρων
927 1592 1069 1688 πρῶτος
1096 1582 1324 1684 τὴνκίνησιν

219 1718 266 1796 εὶς
294 1709 430 1816 ῥυθμόν
451 1715 509 1790 καὶ
535 1710 645 1810 με’λος
672 1711 818 1811 ἤγαγεν.
870 1710 1074 1812 Θαυμάσας
1094 1710 1130 1788 δὲ
1147 1706 1215 1808 τὴν
1234 1711 1321 1790 διοί-

220 1873 327 1939 κησιν
345 1845 418 1917 τῶν
437 1837 547 1935 ὅλων,
563 1836 699 1941 ἠξίωσε
717 1834 764 1916 τὰ
781 1843 908 1940 πρῶτα
926 1841 1037 1943 σιγᾷν
1055 1832 1139 1920 τοῖς
1157 1835 1322 1935 μαθητὰς

221 1970 324 2045 οἱονεὶ
355 1964 497 2066 μύστας
533 1974 598 2043 τοῦ
631 1961 766 2046 παντὸς
801 1968 849 2047 εἷς
885 1961 950 2044 τδν
982 1960 1121 2062 κόσμον
1153 1963 1320 2061 ἥκοντας.

220 2091 294 2173 εἶτα
325 2090 464 2172 ε’πειδδιν
497 2094 615 2174 αὐτοῖς
649 2096 776 2174 ἱκανῶς
808 2092 965 2174 παιδείας
997 2095 1061 2188 τῆς
1092 2094 1166 2168 τῶν
1198 2089 1368 2190 λόγωνιο

220 2218 310 2320 δόξη
342 2223 492 2315 μετεῖναι
524 2220 582 2294 καὶ
616 2219 774 2300 δυνατῶς
803 2220 882 2318 περὶ
912 2216 1058 2319 ἄστρων
1088 2218 1146 2293 καὶ
1176 2214 1325 2320 φύσεως

220 2340 527 2450 φιλοσοφήσωσι,
548 2340 725 2444 καθαροὺς
753 2344 874 2445 κρίνας
900 2341 980 2422 τότε
1008 2340 1138 2420 κελεύει
1164 2341 1322 2448 φθέγγε-

219 2474 318 2549 σθαι.
361 2467 480 2551 Οὗτος
496 2465 579 2552 τοὺς
597 2467 758 2567 μαθητάς
780 2473 898 2566 διεῖλε,
918 2472 977 2548 καὶ
1001 2467 1085 2553 τοὺς
1107 2466 1171 2566 μὲν
1189 2471 1322 2548 ε’σωτε-

217 2591 351 2697 ρικοῖις,
381 2593 464 2679 τοὺς
499 2592 535 2673 δὲ
570 2592 800 2698 ε’ξωτερικοὺς
837 2594 1020 2674 ε’κάλεσεν.
1084 2601 1171 2679 Τοῖς
1209 2593 1248 2673 δὲ
1278 2595 1325 2676 τὰ

217 2722 413 2827 τελεώτερα
439 2722 634 2824 μαθήματα
661 2723 835 2818 ἐπίστευε,
855 2729 929 2806 τοῖς
957 2719 994 2799 δὲ
1019 2721 1066 2801 τὰ
1092 2721 1321 2827 μετριώτερα.
1332 2758 1369 2817 45

218 2849 389 2956 ε’φήφατο
420 2847 457 2928 δὲ
487 2852 544 2927 καὶ
574 2854 741 2950 μαγικῆς,
764 2847 812 2932 ὥς
840 2855 949 2954 φασι,
975 2853 1033 2928 καὶ
1061 2847 1325 2955 φυσιογονικὴν

218 2972 325 3058 αὐτὸς
353 2972 507 3077 ἐξεῦρεν,
535 2974 706 3077 ἀριθμούς
737 3009 837 3058 τινας
867 2976 924 3052 καὶ
954 2972 1064 3076 μέτρα
1093 2973 1321 3072 ὑποθέμενος,

217 3097 336 3200 λε’γων
369 3098 435 3197 τὴν
467 3098 583 3205 ἀρχὴν
613 3105 678 3199 τῖγς
711 3103 940 3203 άριθμητυεῆς
973 3101 1199 3208 φιλοσοφίας
1231 3101 1325 3181 κατὰ

217 3224 390 3305 σύνθεσιν
408 3227 580 3331 περιέχειν
598 3224 698 3305 τόνδε
723 3223 788 3305 τδν
813 3225 958 3330 τρόπον.
999 3225 1171 3329 Ἀριθμὸς
1195 3226 1324 3327 γε’γονε

217 3358 360 3454 πρῶτος
390 3349 496 3456 ἀρχὴ,
529 3351 616 3454 ὅπερ
646 3355 745 3431 ἐστὶν
771 3351 821 3448 ἓν,
842 3352 1023 3456 ἀόριστος,
1051 3350 1321 3452 ἀκατάληπτος,
1332 3387 1372 3451 50

216 3478 308 3582 ἔχων
340 3480 378 3556 ἐν
409 3479 522 3585 ἑαυτῷ
557 3478 695 3564 πάντας
726 3477 809 3563 τοὺς
845 3479 897 3559 ἐπ’
932 3481 1076 3582 άπειρον
1109 3478 1325 3578 δυναμένους

217 3607 334 3682 ἐλθεῖν
347 3602 517 3706 ἀριθμοὺς
536 3604 627 3683 κατὰ
644 3604 687 3685 τδ
705 3610 859 3704 πλῆθος.
892 3612 976 3686 Τῶν
995 3606 1031 3684 δὲ
1050 3608 1209 3708 ἀριθμῶν
1227 3604 1324 3712 ἀρχὴ

218 3730 344 3830 γε’γονε
358 3731 435 3809 καθ
456 3729 660 3812 ὑπόστασιν
678 3733 700 3829 ἡ
719 3731 845 3835 πρώτη
864 3731 988 3829 μονάς,
1011 3733 1086 3830 ἥτις
1110 3733 1191 3811 ε’στὶ
1207 3732 1324 3829 μονὰς

218 3857 338 3958 ἄρσην
351 3865 517 3957 γεννῶσα
535 3865 715 3961 πατρικῶς
728 3857 865 3942 πάντας
878 3857 961 3944 τοὺς
979 3858 1118 3941 ἅλλους
1136 3856 1320 3960 ἀριθμούς.

219 3980 396 4085 Δεύτερον
414 3984 437 4081 ἡ
456 3983 541 4069 δυὰς
569 3988 681 4081 θῆλυς
709 3982 869 4087 ἀριθμός,
891 3988 911 4064 ό
936 3982 972 4062 δὲ
1000 3982 1106 4069 αὐτὸς
1124 3987 1183 4063 καὶ
1201 3985 1324 4086 ἄρτιος
1333 4020 1372 4081 55

261 4276 309 4332 32.
324 4262 382 4332 περὶ
396 4260 502 4332 φύσεως
516 4260 601 4317 Barb.
831 4279 880 4333 53.
896 4262 950 4316 καθ’
965 4263 1109 4317 ὑπόστασιν
1123 4259 1215 4316 Codd.
1245 4260 1322 4317 Ede-

260 4340 307 4413 36.
322 4340 437 4411 ἀστέρων
451 4340 556 4397 Medic.
791 4341 873 4398 batur
894 4343 1015 4398 ιἰπόθεσιν
1030 4361 1065 4398 ex
1088 4341 1167 4398 Med.
1188 4339 1235 4397 ubi
1257 4342 1322 4397 ὑπό-

259 4422 307 4491 46.
322 4421 558 4493 φυσιογνωμονικὴν
573 4420 719 4478 Barberin.
790 4444 883 4477 στασιν
897 4422 1044 4479 recentiori
1060 4442 1097 4478 m.
1114 4420 1297 4496 adscriptum.
