2782 4972
343 313 407 378 166
784 309 1001 375 ORIGENIS

342 474 548 571 τελέσμοτι,
569 473 633 570 μία
658 475 714 550 καὶ
744 472 766 570 ἡ
793 469 946 575 αὑτὴτῇ
971 468 1156 575 ἀγεννήτιρ
1175 472 1237 547 καὶ
1262 500 1365 546 απειι

344 599 499 699 δυνάμει,
520 603 578 678 καὶ
603 597 702 678 οὐδέν
722 598 817 682 ὅλως
834 599 971 703 ἔχουσα
992 595 1218 699 ε’νδεέοτερον
1236 598 1370 693 ἐκείνης

343 725 537 826 ἀγεννὴτου
573 728 631 803 καὶ
677 722 962 827 ἀπαραλλάκτου
1008 721 1213 827 ἀπεράντου
1252 720 1343 803 δυν’
1390 780 1391 786 1

343 852 433 931 Ἐὰν
452 850 488 929 δέ
506 853 606 955 μείνῃ
624 856 670 956 τῇ
689 849 834 950 δυνάμει
850 848 962 950 μόνον
979 853 1016 929 έν
1034 857 1112 935 ταῖς
1129 847 1175 952 ἓξ
1197 848 1373 947 δυνάμεσι

344 975 393 1076 μὴ
412 976 645 1083 ε’ξεικονισθῇ,
667 977 884 1085 ἀφανίζεται,
906 980 1012 1084 φησὶ,
1031 981 1089 1056 καὶ
1108 973 1321 1056 ἀπόλλυνται
1346 976 1382 1045 ι’

345 1109 393 1188 ὡς
411 1106 434 1203 ἡ
452 1103 596 1203 δύναμις
615 1106 637 1202 ἡ
656 1102 898 1206 γραμματικὴ,
919 1099 1178 1205 ἡιεωνετνκῆ
1202 1104 1241 1181 ἓν
1260 1108 1345 1182 ανδ

344 1238 461 1337 ψυχῇ.
513 1238 795 1334 Προσλαβοῦσα
813 1230 885 1334 γὰρ
903 1231 926 1327 ἡ
948 1229 1094 1327 δύναμις
1111 1228 1260 1334 τέχνην,
1281 1236 1361 1337 φῶς

344 1358 538 1456 γινομένων
564 1359 709 1456 γίνεται·
749 1355 798 1455 μὴ
824 1364 1096 1459 προσλαβοῦσα
1129 1355 1181 1454 δὲ,
1215 1359 1362 1461 ἀτεχνία

344 1485 488 1581 σκότος,
508 1486 566 1562 καὶ
592 1487 641 1568 ὡς
663 1483 720 1562 &e
744 1486 807 1562 οὐκ
830 1480 887 1581 ἦν,
908 1482 1176 1581 ἀποθνήσκοντι
1198 1489 1254 1590 τῷ
1273 1489 1357 1563 ανθι

344 1611 660 1717 συνδιαφθείρεται.

287 1754 331 1829 ¹3
399 1742 484 1815 Τῶν
511 1734 547 1814 δέ
578 1734 623 1839 ἓξ
649 1735 830 1836 δυνάμεων
857 1736 992 1818 τούτων
1020 1742 1077 1817 καὶ
1105 1743 1170 1838 τῆς
1199 1741 1360 1840 ἑβδόμης

342 1863 431 1961 μετὰ
448 1871 521 1943 τῶν
539 1862 583 1966 ἓξ
600 1870 704 1942 καλεῖ
717 1862 784 1961 τὴν
801 1863 948 1967 πρώτην
964 1863 1150 1965 συζυγίαν,
1172 1877 1264 1948 νοῦν
1287 1872 1346 1947 καὶ
1378 1870 1387 1893 ’

344 2026 454 2087 νοιαν,
486 1989 636 2094 οὐρανόν
666 1993 724 2069 καὶ
751 1995 833 2091 γῆν·
869 1993 927 2069 καὶ
957 1989 1020 2070 τὸν
1051 1988 1115 2089 μέν
1143 1992 1287 2093 ἄρσενα
1366 2040 1371 2063 ι

342 2118 546 2211 ἐπιβλέπειν
567 2123 625 2198 καὶ
652 2124 815 2221 προνοεῖν
832 2121 896 2215 τῆς
915 2116 1087 2218 συζύγου,
1106 2115 1174 2216 την
1197 2118 1238 2197 δὲ
1260 2125 1333 2221 γῆν
1365 2124 1374 2147 ‘

344 2246 509 2350 δέχεσθαι
543 2244 638 2327 κάτω
668 2244 750 2330 τοὺς
778 2244 850 2325 ἀπὸ
881 2255 945 2325 τοῦ
977 2248 1128 2349 οὐρανοῦ
1160 2245 1307 2349 νοεροὺς
1335 2284 1371 2327 κι

343 2372 559 2476 φερομένους
595 2377 640 2477 τῇ
677 2378 726 2478 γῇ
763 2379 948 2473 συγγενεῖς
980 2370 1149 2475 καρπούς.
1212 2373 1291 2453 Διά
1325 2383 1387 2454 το“

343 2499 471 2603 φησὶν,
492 2497 712 2591 ἀποβλέπων
738 2496 955 2582 πολλάκιςὸ
980 2498 1091 2599 λόγος
1114 2496 1207 2602 πρδς
1230 2501 1280 2580 τὰ
1304 2505 1343 2581 έκ
1366 2537 1386 2580 ν

342 2628 400 2704 καὶ
417 2625 570 2709 ἐπινοίας
587 2626 835 2727 γεγεννημένα,
853 2624 1036 2705 τουτέστιν
1055 2625 1099 2729 έξ
1116 2629 1276 2729 οὐρανοῦ
1293 2634 1352 2709 καὶ

343 2752 449 2853 λέγει,
461 2764 482 2799 “
494 2750 638 2849 Ἀκουε,
652 2751 786 2855 οὐρανέ,
801 2755 859 2832 καὶ
875 2752 1046 2854 ε’νωτίζου,
1057 2758 1116 2854 γῆ,
1131 2754 1185 2833 ὅτι
1203 2756 1343 2859 Κύριος
1368 2758 1377 2781 ’

248 2898 288 2957 όι
308 2918 332 2958 r.
343 2891 468 2978 λησεν·
484 2877 593 2962 Υίοὺς
602 2878 778 2979 ἐγέννησα
788 2883 847 2958 καὶ
862 2882 1113 2986 &mathat
1125 2880 1167 2958 δέ
1172 2914 1216 2979 με
1228 2883 1302 2981 ἦθ’
1349 2928 1356 2955 ι
1375 2925 1391 2952 υ

342 3008 390 3085 Ὁ
419 3007 456 3086 δέ
489 3006 609 3107 λέγων
636 3014 759 3102 ταῦτα,
787 3012 917 3112 φησὶν,
948 3009 970 3105 ἡ
1000 3004 1134 3105 ἑβδόμη
1162 3007 1320 3109 δύναμις·
1358 3012 1377 3081 ¹.

342 3132 469 3229 ἑστὼς,
500 3133 606 3230 στάς,
640 3130 876 3231 πτησόμενος·
921 3132 1027 3218 αὐτὸς
1058 3132 1129 3237 γὰρ
1161 3134 1278 3220 αἴτιος
1311 3136 1376 3217 τοό

342 3266 414 3338 τῶν
442 3266 565 3338 καλῶν
592 3254 644 3338 ὧν
670 3256 819 3364 ἐπῄνεσε
848 3265 1003 3359 Μωσῆς,
1031 3265 1088 3338 καὶ
1115 3255 1189 3338 εἶπε
1216 3263 1320 3341 καλὰ
1345 3264 1391 3341 λ’

341 3387 392 3464 Ἡ
419 3384 455 3463 δέ
480 3383 583 3493 φωνὴ
612 3389 669 3465 καί
697 3383 739 3466 τό
767 3385 891 3484 ὄνομα,
913 3386 1014 3486 ἥλιος
1040 3391 1097 3465 καὶ
1124 3387 1281 3487 σελήνη.
1332 3392 1380 3469 ‘O

343 3513 523 3611 λογισμὸς
541 3515 599 3590 καὶ
622 3512 644 3610 ἡ
668 3511 872 3609 ένθιίμησις,
892 3512 961 3615 ἀὴρ
980 3516 1037 3591 καὶ
1057 3515 1161 3615 ὕδωρ.
1203 3513 1274 3591 Ἐν
1301 3512 1337 3593 δέ
1359 3549 1391 3593 τι

341 3673 415 3721 τοις
433 3636 571 3718 ἅπασιν
588 3638 793 3737 ε’μμεμικται
812 3644 870 3717 καὶ
889 3640 1060 3742 κέκραται,
1077 3643 1125 3722 ὡς
1143 3639 1284 3744 ἔφημὴ
1376 3686 1381 3708 .

342 3764 488 3862 δυ’ναμις
506 3766 529 3862 ἡ
547 3764 754 3867 ἀπέραντος,
776 3762 939 3849 ὁέστώς.

283 3919 330 3989 14
400 3890 568 3971 Μωσέως
587 3892 649 3967 οὖν
672 3891 861 3994 εἰρηκότος,
884 3890 994 3994 “Ἓξ
1014 3892 1159 3996 ἡμέρως
1176 3896 1215 3972 έν
1239 3892 1297 3979 αἶς
1322 3899 1342 3973 ὁ
1371 3910 1380 3961 ι

382 4142 430 4215 56.
446 4144 486 4196 καὶ
501 4142 529 4196 in
545 4159 633 4216 marg.
649 4142 712 4197 cod.
954 4160 1001 4216 γι.
1018 4142 1089 4200 cod.
1104 4147 1240 4204 ἐπιννοίος.

383 4237 430 4297 57.
446 4222 518 4279 Cod.
535 4224 722 4293 ἀπορολάκτου.
954 4240 1000 4296 73.
1017 4225 1065 4280 Εε.
1080 4224 1103 4290 Ι,
1120 4244 1145 4281 2.

381 4303 429 4376 63.
446 4302 517 4359 eod.
532 4304 581 4358 ὅτι.
956 4320 1001 4379 77.
1018 4304 1123 4361 Genes.
1139 4305 1164 4367 Ι,
1176 4324 1226 4379 3¹·

381 4384 429 4441 68.
446 4384 518 4441 cod.
535 4384 695 4455 ὑποδέχεται.
954 4385 1001 4443 82.
1018 4386 1123 4443 Genes.
1139 4385 1179 4451 ΙΙ,
1194 4404 1222 4443 2.
