2782 4972
280 293 342 357 162
720 294 936 360 ORIGENIS
1334 289 1385 355 Vl·

279 460 409 561 λέγειν·
425 458 591 567 Ἀφεθος
608 463 686 547 θεὸς
703 464 813 544 ἐστίν.
844 464 911 547 Ὡς
935 461 972 541 δὲ
998 462 1178 562 ἤσκησαν
1199 467 1234 541 οἱ
1256 462 1380 564 ὄρνιθες

278 587 396 693 χρόνῳ
421 596 554 694 πολλῷ
581 591 639 667 καὶ
666 597 773 668 τοῦτο
802 589 930 690 έλεγον
956 590 1045 692 ὅπερ
1072 587 1167 695 ᾤετο
1192 588 1237 670 τὸ
1263 586 1380 693 λεχθὲν

278 711 359 793 θεὸν
372 711 459 792 εἶναι
472 714 635 815 ποιήσειν
649 713 852 816 νομίζεσθαι
869 714 934 796 τόν
944 715 1129 821 Ἀψεθον,
1145 716 1230 796 τότε
1244 713 1381 818 ἀνοίξας

278 838 320 919 τό
356 840 485 940 οἴκημα
514 840 633 921 εἴασεν
667 842 787 921 ἀλλον
823 840 1014 947 ἀλλαχόσε
1052 840 1138 926 τοὺς
1173 841 1377 949 ψιττακοός.

281 966 493 1064 Πετομένων
531 965 567 1044 δὲ
603 974 676 1047 τῶν
709 970 871 1071 ὀρνίθων,
899 968 1052 1071 ἐξῆλθεν
1085 972 1105 1047 ό
1140 967 1310 1074 φθόγγος
1339 972 1380 1050 είς

278 1101 404 1174 πᾶσαν
422 1092 488 1192 τήν
508 1092 663 1192 Λιβύην,
685 1096 743 1172 καὶ
766 1093 813 1174 τά
836 1094 979 1198 ῥήματα
1000 1096 1121 1172 αὐτῶν
1142 1097 1271 1193 διῆλθε
1287 1094 1379 1198 μέχρι

278 1223 342 1316 τῆς
369 1220 589 1316 Ἑλληνικῆς
619 1223 700 1318 γῆς,
731 1222 789 1297 καὶ
822 1221 932 1303 οὕτως
964 1224 997 1297 οἱ
1028 1220 1167 1313 Λίβυες
1199 1229 1377 1299 καταπλα·

278 1343 401 1444 γέντες
427 1346 483 1422 ε’πὶ
507 1347 553 1447 τῇ
578 1350 652 1422 τῶν
676 1344 826 1445 ὀρνίθων
855 1349 958 1449 φωνή
984 1343 1039 1441 τό,
1061 1380 1100 1424 τε
1126 1345 1296 1452 πραχθὲν
1318 1344 1378 1425 ἀπὸ

278 1478 343 1549 τοῦ
366 1468 529 1574 Ἀφέθου
553 1470 807 1571 πανούργευμα
833 1467 884 1570 μὴ
907 1470 1156 1570 ε’ννοήσαντες,
1180 1472 1265 1554 θεὸν
1292 1470 1378 1578 εἶχον

278 1593 343 1675 τόν
355 1590 535 1699 ’Λφεθοα
586 1602 671 1675 Τῶν
689 1596 727 1676 δέ
744 1595 938 1695 Ἑλλήνων
956 1632 1009 1681 τις
1027 1600 1192 1701 ἀκριβῶς
1215 1598 1379 1699 ἐννοήσας

279 1719 321 1800 τό
339 1717 510 1828 σόφισμα
528 1731 592 1802 τοῦ
611 1722 863 1822 νενομισμένου
880 1729 974 1820 θεοῦ,
991 1722 1048 1802 διά
1066 1730 1142 1803 τῶν
1161 1728 1285 1805 αὐτῶν
1301 1726 1376 1803 έκεί-

281 1883 353 1928 νων
379 1854 577 1954 ψιττακῶν,
603 1851 667 1927 οὐκ
689 1850 827 1954 ἐλέγχει
854 1848 978 1948 μόνον,
1005 1848 1108 1928 ἀλλά
1135 1854 1201 1930 καὶ
1229 1848 1378 1958 ἀφανίζει

280 1973 344 2056 τόν
371 1972 529 2075 ἀλαζόνα
557 1977 615 2053 καὶ
641 1974 812 2081 φορτικὸν
841 1979 971 2054 ἐκεῖνον
999 1977 1208 2080 ἄνθρωπον.
1270 1985 1377 2058 Μετε-

281 2099 401 2204 δίδαξε
420 2102 457 2180 δὲ
480 2098 660 2199 όἝλλην
678 2100 867 2205 καθείρξας
884 2099 1048 2187 πολλοὺς
1064 2102 1140 2183 ἀπὸ
1157 2110 1236 2183 τῶν
1254 2110 1391 2211 ψιττα-

281 2235 354 2306 κῶν
390 2227 520 2327 λέγειν·
565 2224 765 2334 “”Λψεθος
800 2229 893 2327 ἡμᾶς
927 2230 1169 2314 κατακλείσας
1201 2230 1379 2331 ἠνάγκασε

188 2366 231 2427 60
245 2384 271 2426 r.
282 2353 414 2453 λέγειν,
424 2351 591 2459 ’Λφεθος
608 2353 686 2438 θεὸς
706 2354 841 2434 έστίν.”
882 2353 1124 2440 Ἀκούσαντες
1143 2356 1183 2435 δὲ
1203 2362 1239 2436 οἱ
1258 2359 1381 2450 Λίβυες

282 2482 345 2576 τῆς
363 2481 582 2583 παλινῳδίας
597 2486 669 2559 τῶν
682 2486 882 2586 ψιττακῶν,
896 2479 1026 2566 πάντες
1044 2482 1279 2581 ὁμοθυμαδὸν
1296 2515 1379 2563 συν·

283 2605 445 2689 ελθόντες
463 2606 686 2687 κατέκαυσαν
704 2606 768 2687 τὸν
779 2605 959 2714 Ἀψεθον.

247 2755 273 2830 9
339 2736 467 2819 Οὕτως
485 2734 637 2835 ἡγητέον
663 2737 808 2834 Σίμωνα
831 2732 896 2814 τὸν
920 2732 1038 2835 μάγον
1062 2736 1381 2845 ἀπεικάζοιταςτῷ

285 2863 397 2956 Λίβυῖ
422 2860 546 2966 τάχιον
574 2861 752 2969 ἀνθρώπῳ
776 2861 954 2968 γενομένῳ
984 2863 1096 2946 οὕτως
1121 2868 1207 2969 θεῷ.
1276 2872 1321 2946 Εἰ
1349 2862 1382 2943 δὲ

283 2987 351 3093 ἔχει
368 2988 415 3067 τὰ
432 2992 496 3087 τῆς
508 2985 639 3071 είκόνος
657 2990 813 3091 ἀκριβῶς
830 2991 889 3068 καὶ
906 2987 1081 3067 πέπονθεν
1100 2991 1120 3067 ὁ
1137 2987 1264 3091 μοίγος
1276 2992 1382 3075 πόθος

283 3147 317 3192 τι
340 3112 601 3216 παραπλήσιον
618 3113 782 3220 ’Λφέθῳ,
810 3113 1087 3219 ἐπιχειρήσωμεν
1113 3119 1383 3213 μεταδιδάσκειν

282 3248 346 3318 τοῦ
367 3241 528 3338 Σίμωνος
546 3236 629 3324 τοὺς
644 3239 855 3345 ψιττακοὺς,
870 3241 924 3320 ότι
937 3240 1099 3344 Χριστὸς
1118 3245 1184 3321 οὐκ
1202 3242 1254 3343 ἦν
1268 3248 1382 3345 Σίμων

283 3368 303 3444 ὁ
320 3363 447 3463 ἑστὼς,
462 3364 568 3463 στάς,
584 3366 821 3465 στησάμενος·
843 3368 929 3446 ἀλλ’
943 3368 1129 3469 ἅνθρωπος
1147 3365 1194 3466 ἦν
1212 3374 1255 3451 ἐκ
1272 3373 1381 3475 σπέρ·

280 3526 394 3590 ματος
425 3493 582 3593 γέννημα
619 3490 798 3593 γυναικός,
833 3491 878 3596 ἐξ
908 3491 1067 3591 αἱμάτων
1104 3497 1164 3573 καὶ
1198 3498 1384 3599 ἑπιθνραας

281 3622 469 3721 σαρκικής,
490 3616 649 3721 καθάπερ
667 3623 724 3697 καὶ
744 3624 776 3697 οἱ
796 3623 929 3716 λοιποὶ,
951 3619 1220 3720 γεγεννημένος·
1250 3627 1311 3703 καὶ
1332 3624 1382 3705 ότι

280 3746 379 3824 ταῦθ
410 3748 521 3830 οὕτως
553 3745 635 3851 ἔχει,
668 3744 854 3849 προϊόντος
885 3754 949 3826 τοῦ
987 3746 1101 3847 λόγου
1137 3750 1272 3853 ρᾳδιως
1309 3757 1381 3832 ἐπι·

282 3870 452 3973 δείξομεν.
510 3871 615 3970 Λέγει
645 3872 682 3951 δέ
713 3877 732 3952 ό
762 3875 883 3972 Σίμων
908 3869 1153 3978 μεταφράσων
1180 3873 1247 3953 τόν
1277 3876 1385 3977 νόμον

322 4115 372 4187 48.
388 4116 464 4171 Fort.
480 4115 589 4172 delend.
604 4122 641 4171 τό.
850 4122 974 4195 ἀνθρώπῳ
1000 4121 1126 4196 γενομένῳ
1153 4123 1233 4180 ὄντος
1261 4126 1324 4202 θεῷ,
1350 4125 1384 4181 de

323 4207 371 4270 55.
387 4195 460 4252 Cod.
475 4195 632 4265 «νοήσαντες.
851 4202 984 4266 Christ03
1007 4201 1104 4257 confer
1118 4204 1279 4276 sequentia.

323 4274 372 4330 66.
408 4274 472 4331 Nisi
503 4276 622 4350 amplior
650 4280 810 4353 corruptela
891 4281 940 4337 68.
957 4282 1028 4355 Leg.
1041 4281 1153 4337 videtur
1166 4284 1375 4357 ἐπιχειρήσομεν.

283 4355 389 4420 subest,
404 4354 557 4431 legendum
571 4367 646 4415 certe
660 4360 749 4429 τάχιον
765 4360 806 4431 [ἡ]
895 4377 941 4434 74.
959 4361 1030 4418 Cod.
1045 4365 1249 4433 μσοφράσσον.
