2782 4972
137 326 201 390 150
579 328 794 395 ORIGENIS
1195 324 1293 405 V.25·

135 522 207 568 που
233 487 418 587 τεθεαμένη
443 487 507 568 τόν
533 489 656 570 ἵππον.
704 487 817 568 Ἡδὲ
846 486 933 591 κόρη
964 490 1090 593 φησὶν
1120 485 1240 564 εἰδέναι

134 611 212 712 μὲν,
246 609 296 713 μὴ
328 612 453 716 δείξειν
484 616 521 694 δὲ
550 612 724 719 πρότερον
755 618 851 721 αὐτῷ
881 619 910 692 εί
936 611 990 712 μὴ
1018 610 1119 715 πρός
1145 608 1275 713 μίξινόῠ

135 741 259 844 φιλίοις
287 738 445 844 συνέλθη
473 742 562 846 αι’ττῇ
591 743 611 820 ὁ
637 742 840 846 Ἡρακλῆς.
892 736 974 819 Ἠν
1002 736 1054 835 δὲ,
1076 740 1239 845 φησὶνό

133 863 344 966 Ἡρόδοτος,
365 864 411 944 τὰ
442 865 516 945 α’ίνω
546 869 655 964 αὐτῆς
681 866 784 971 με’χρι
814 872 1017 961 βουβῶνος,
1043 863 1234 967 παρθενον,

133 996 207 1068 ποῖν
226 988 262 1068 δὲ
280 987 321 1069 τό
340 988 437 1070 κότω
460 997 569 1090 σῶμα
586 990 676 1089 μετὰ
692 998 876 1088 βουβῶνα,
897 990 1052 1097 φρικτόν
1071 1025 1108 1069 τι
1126 987 1234 1087 θέαμα

132 1117 283 1220 ἐχίδνης.
343 1119 489 1220 Σπουδῇ
523 1116 560 1195 δὲ
589 1121 654 1215 τῆς
680 1121 761 1220 περὶ
787 1116 851 1197 τόν
877 1117 990 1197 ἵππον
1018 1117 1233 1220 εὖρέσεωςὸ

132 1244 322 1346 Ἡρακλῆς
352 1244 503 1323 πείθεται
539 1246 591 1350 τῷ
625 1244 748 1350 θηρίῳ·
790 1243 881 1343 ἔγνω
912 1241 986 1345 γὰρ
1019 1240 1150 1341 αὐτὴν,
1179 1246 1267 1332 καλός

131 1373 298 1469 ε’ποίησεν
321 1369 510 1469 ἐγκύμονα,
532 1374 590 1450 καὶ
611 1377 777 1472 προεῖπεν
794 1371 884 1474 αὐτῇ
901 1367 993 1469 μετὰ
1010 1366 1082 1468 τὴν
1100 1376 1230 1469 γνῶσιν

133 1495 186 1575 ότι
218 1495 287 1599 ἔχει
325 1493 415 1573 κατὰ
449 1494 611 1599 γαστρός
643 1494 687 1598 ἐξ
713 1497 822 1574 αὐτοῦ
851 1500 942 1598 τρεῖς
969 1497 1063 1592 ὁμοῦ
1092 1499 1226 1592 παῖδας,

132 1619 254 1706 οἵτινες
277 1621 419 1700 ε”σονται
444 1623 632 1728 ἐπιφανεῖς.
680 1620 871 1700 Ἐκέλευσε
896 1618 933 1697 δὲ
955 1622 1080 1704 αὐτοῖς
1103 1653 1225 1720 γεννω-

130 1744 247 1844 με’νοις
275 1743 432 1844 ὀνόματα
459 1752 567 1825 θεῖναι
595 1745 660 1845 τὴν
687 1755 875 1844 τεκοῦσαν,
890 1744 1147 1849 Ἀγάθυρσον,
1168 1752 1225 1826 Γε-

131 1870 263 1970 λωνόν,
298 1877 355 1952 καὶ
390 1872 543 1971 Σκύθην.
605 1872 742 1969 Λαβὼν
775 1871 811 1951 δὲ
842 1872 969 1952 τούτου
1004 1871 1144 1971 μισθόν
1171 1872 1262 1955 τὸνῐο

130 2000 241 2080 ἵππον
265 1998 364 2102 παρὰ
390 2003 454 2097 τῆς
477 2000 671 2103 θηριώδους
695 1999 815 2104 κόρης,
835 1997 1092 2099 ἀπηλλάττετο
1116 1999 1226 2107 φέρων

130 2131 188 2206 καὶ
206 2126 270 2211 τὰς
287 2135 388 2219 βοῦς.
450 2122 601 2229 Μακρός
626 2125 662 2204 δὲ
688 2130 708 2206 ὁ
731 2126 821 2225 μετὰ
845 2135 958 2207 ταῦτα
982 2133 1101 2225 μῦθος
1117 2129 1225 2229 Ἡρα·

130 2251 234 2359 δότην
282 2251 431 2357 χαιρέτω
469 2252 505 2332 δὲ
542 2250 584 2332 τό
623 2262 698 2332 νῦν.
767 2254 859 2333 Τίνα
895 2250 933 2330 δὲ
966 2249 1014 2331 τδι
1043 2253 1226 2357 Ἰουστίνφ

130 2380 315 2475 δοκοῦντα,
334 2377 523 2479 μετοίγοντι
550 2378 614 2459 τόν
638 2386 752 2481 μῦθον
779 2386 827 2466 είς
844 2377 911 2479 τὴν
934 2385 1010 2460 τῶν
1031 2381 1134 2461 ὅλων
1151 2381 1224 2482 γέν·

130 2538 247 2602 νησιν,
268 2504 365 2602 ἡμεῖς
383 2505 639 2605 διηγησόμεθα.
1233 2526 1260 2586 75

65 2640 117 2722 26
184 2630 304 2714 Οὗτος
331 2633 459 2738 φησὶν,
480 2629 577 2729 ἦσαν
604 2639 695 2736 τρεῖς
720 2636 827 2737 ἀρχαί
850 2641 924 2713 τῶν
948 2634 1049 2714 ὅλων
1076 2637 1224 2738 ἀγέννη·

128 2793 194 2856 τοι,
216 2760 392 2861 ἀρρενικαῖ
421 2757 496 2853 δυὀ,
517 2757 656 2857 θηλυκὴ
683 2759 759 2857 μία.
809 2767 895 2840 Τῶν
922 2761 960 2841 δὲ
985 2763 1182 2866 ἀρρενικῶν
1207 2762 1226 2859 ἡ

127 2884 191 2981 μέν
213 2919 265 2967 τις
290 2890 447 2962 καλεῖται
473 2882 620 2984 ἀγαθός,
641 2884 728 2965 αι’ντό
752 2886 864 2984 μόνον
888 2889 999 2971 οὕτως
1022 2889 1224 2989 λεγόμενος,

127 3008 398 3112 προγνωστικός
421 3017 493 3089 τῶν
521 3010 630 3090 ὅλων.
678 3013 729 3091 Ἡ
758 3009 917 3114 δέἑτέρα
939 3011 1061 3116 μήτηρ
1083 3010 1227 3093 πάντων

127 3140 199 3212 τῶν
217 3142 405 3235 γεννητῶν,
422 3135 681 3239 ἁπρόγνωστος
699 3141 757 3216 καὶ
776 3137 936 3241 ἀόρατος.
976 3140 1028 3219 Ἡ
1051 3138 1261 3239 δὲθῆλυς,8ο

127 3261 398 3364 ἀπρόγνωστος,
420 3264 562 3364 ὀργίλη,
584 3263 774 3364 ἀγνώμων,
795 3265 953 3362 δι’σωμος
977 3263 1072 3343 κατὰ
1095 3264 1223 3361 πάντα,

127 3393 171 3494 τῇ
190 3388 280 3469 κατὰ
298 3387 361 3469 τόν
376 3388 578 3492 Ἡροδότου
596 3396 709 3488 μῦθον
727 3389 892 3495 ἐμφερὴς,
909 3391 1014 3497 μέχρι
1039 3399 1225 3486 βουβῶνος

125 3516 310 3617 παρθένος,
344 3516 464 3620 ε”χιδνα
496 3517 533 3597 δὲ
564 3516 609 3596 τὰ
646 3514 755 3614 κοίτω,
788 3515 837 3601 ὥς
869 3527 985 3621 φησιν
1013 3517 1219 3602 Ἰουστῖνος.

129 3646 301 3720 Καλεῖται
319 3639 356 3718 δὲ
373 3642 482 3742 Ἐδὲμ
508 3647 597 3742 αὕτη
623 3645 645 3741 ἡ
673 3641 769 3746 κόρη,
789 3646 847 3722 καὶ
865 3643 1033 3745 Ἰσραήλ.
1096 3645 1221 3738 Αδται,

126 3768 255 3872 φησὶν,
276 3771 312 3843 αῖ
335 3769 443 3870 ἀρχαὶ
464 3776 536 3848 τῶν
559 3770 668 3866 ὅλων,
688 3768 778 3873 ῥίζαι
803 3771 861 3847 καὶ
879 3773 1006 3870 πηγαὶ,
1026 3771 1090 3875 ἀφ’
1110 3768 1165 3850 ὧν
1181 3769 1260 3857 τόδε

126 3891 212 3972 ὄντα
228 3890 376 3992 ἐγένετο·
398 3892 495 3972 ἄλλο
515 3894 551 3973 δὲ
569 3893 614 3993 ἧν
633 3895 744 3974 οὐδέν.
779 3893 882 3974 Ἰδὼν
901 3897 964 3974 οὖν
984 3893 1144 4000 όπατῖγρ
1161 3893 1223 3994 τὴν

125 4014 386 4122 μιξοπάρθενον
404 4018 535 4117 ἐκείνην
553 4018 813 4122 ἀπρόγνωστος
831 4019 882 4100 ῶν
898 4018 965 4119 τὴν
981 4021 1103 4120 Ἐδέμ,
1116 4020 1223 4120 ἦλθεν

30 4170 73 4236 54
88 4176 115 4217 v.
125 4150 172 4229 εἷς
190 4144 375 4245 ε’πιθυμιάν
400 4146 520 4243 αὐτῆς·
548 4147 706 4245 Ἐλωεὶμ
725 4147 774 4245 δὲ,
796 4150 923 4253 φησὶν,
944 4154 1104 4227 καλεῖται
1123 4148 1222 4232 οὗτος

169 4368 215 4421 71.
232 4349 303 4404 Cod.
319 4350 487 4418 ἀπηλάττετο.
739 4366 784 4423 74.
801 4349 872 4406 Cod,
887 4352 1039 4421 μετάγοντα.

167 4447 181 4502 7
187 4448 214 4502 3.
231 4431 303 4486 Cod.
318 4435 363 4485 τὸν
377 4435 442 4486 νοῦν.
739 4446 785 4503 77.
802 4431 873 4486 Cod.
889 4432 912 4485 «l
926 4449 978 4505 pro
992 4432 1017 4501 ἡ.
