2782 4972
193 298 259 361 314
636 285 856 352 οιυοΕΝις
1295 288 1383 371 τιγ-

195 459 242 554 δέ,
257 453 416 556 καθάπερ
433 460 506 532 τῶν
525 449 693 556 ἀνάρχων
712 452 844 553 ὄγκων.
887 457 940 532 Οἱ
958 451 999 530 δὲ
1018 458 1107 556 περὶ
1127 453 1199 535 τὸν
1219 454 1322 534 Πλά-

193 620 301 679 τωνα,
321 585 359 662 ἐκ
377 588 485 683 τριῶν
509 575 596 657 εῖναι
614 588 728 659 ταῦτα
749 578 916 680 λέγουσι,
937 578 1024 659 θεὸν
1052 582 1115 657 καὶ
1144 583 1244 679 ὕλην
1269 584 1321 658 καὶ

194 708 433 814 παράδειγμα.
482 703 560 804 Τὴν
585 704 622 783 δὲ
648 707 739 804 ὕλην
760 703 886 808 μερίζει
904 710 954 789 εῖς
971 704 1172 809 τέσσαρας
1190 706 1315 812 ἀρχάς,

195 846 281 938 πῦρ,
303 838 409 937 ὕδωρ,
431 838 513 934 γῆν,
534 831 634 934 ἀέρα·
666 829 747 912 θεὸν
775 829 812 909 δὲ
839 829 904 911 τδν
930 830 1070 930 ταύτης
1094 830 1188 910 εἶναι
1215 838 1312 932 δημ-

199 962 345 1064 ουργὸν,
365 957 408 1039 τὸ
428 958 466 1037 δὲ
483 954 710 1061 παράδειγμα
728 967 824 1037 νοῦν.
1317 993 1348 1051 ρο

165 1089 188 1165 8
257 1082 493 1182 Πεπεισμένοι
516 1083 635 1161 τοίνυν
661 1082 715 1160 ὅτι
739 1089 831 1161 πᾶσι
849 1082 989 1167 τούτοις
1008 1085 1310 1184 ὁμολογουμένως

199 1211 335 1312 ἀπορος
352 1209 550 1310 εῦρίσκεται
569 1210 588 1286 ὁ
607 1211 671 1305 τῆς
689 1211 932 1313 φυσιολογίας
950 1206 1080 1307 λόγος,
1104 1211 1209 1288 αὐτοὶ
1235 1211 1307 1311 περὶ

199 1343 273 1415 τῶν
300 1339 364 1432 τῆς
390 1333 558 1431 ἀληθείας
581 1331 878 1434 παραδειγμάτων
907 1337 956 1417 ὡς
982 1332 1089 1413 ἔσται
1119 1338 1180 1413 καὶ
1208 1369 1302 1414 πεπι-

200 1459 398 1556 στεύκαμεν
417 1458 554 1541 ἀόκνως
571 1461 729 1560 ἐροῦμεν,
750 1456 899 1568 πλ[ὴν]
921 1461 980 1537 καὶ
1004 1458 1054 1537 τά
1073 1467 1152 1544 τοῖς
1176 1465 1302 1563 αἰρεσι-

93 1613 153 1677 126
165 1631 192 1672 r,
201 1584 327 1690 ἀρχαις
345 1586 494 1689 ἐπιτομῇ
521 1584 694 1687 πρότερον
716 1585 902 1683 ε’κθέμενοι,
923 1585 981 1663 ἵνα
1007 1589 1070 1663 καὶ
1099 1586 1160 1664 διὰ
1188 1586 1339 1683 τούτους,

201 1715 391 1813 εὔγνωστα
408 1709 454 1788 τά
472 1709 618 1790 πάντων
637 1709 800 1812 δόγματα
816 1711 1137 1814 παραστήσαντες,
1154 1712 1303 1819 φανερὰν

204 1841 263 1918 καὶ
279 1840 486 1937 εὔγνωστον
503 1834 568 1934 τὴν
587 1835 756 1935 ἀλήθειαν
774 1835 1011 1940 ἐπιδείξωμεν.

167 1993 194 2067 9
260 1964 369 2043 Ἀλλ’
389 1965 462 2043 ε’πεῖ
489 1964 601 2046 οῦτως
628 1966 733 2059 δοκεῖ,
753 1960 944 2065 ἀρξώμεθα
970 1971 1120 2066 πρῶτον
1145 1964 1221 2045 ἀπὸ
1240 1972 1304 2045 τῶν

203 2099 269 2169 τοῦ
287 2089 402 2195 ὄφεως
421 2093 649 2191 λειτουργῶν.
700 2092 919 2188 Ναασσηνοὶ
940 2088 1135 2190 ἀνθρωπον
1154 2099 1303 2169 καλοῦσι

205 2213 272 2313 τὴν
293 2215 441 2317 πρώτην
461 2222 534 2295 τῶν
562 2215 659 2293 ὅλων
684 2214 810 2320 ἀρχὴν,
831 2214 894 2294 τὸν
919 2212 1028 2294 αῦτδν
1054 2219 1115 2295 καὶ
1143 2215 1222 2296 υῖδν
1245 2220 1323 2294 ἀνι

205 2340 363 2440 θρῶπου·
394 2349 522 2418 τοῦτον
550 2340 587 2418 δέ
612 2344 716 2446 τριχῆ
744 2345 951 2444 διαιροῦσιν.
1004 2338 1124 2421 Ἔστι
1149 2341 1216 2440 μὲν
1241 2341 1306 2442 γὰρ

207 2467 328 2560 αῦτοῦ,
345 2466 454 2570 φασὶ,
467 2463 510 2544 τὸ
523 2465 588 2565 μὲν
603 2467 737 2570 νοερδν,
752 2467 794 2546 τὸ
813 2466 849 2545 δὲ
867 2465 1037 2574 ψυχικὸν,
1051 2466 1098 2547 τὸ
1117 2468 1155 2548 δὲ
1173 2466 1301 2572 χοῖκάν.

211 2598 380 2672 Καλοῦσι
401 2588 437 2668 δὲ
458 2591 567 2670 αὐτὸν
579 2590 758 2691 Ἀδάμαν,
774 2596 832 2695 καὶ
852 2591 1033 2694 νομίζουσι
1050 2592 1121 2693 τὴν
1138 2600 1187 2679 εἱς
1204 2593 1305 2672 αῦτὸν

207 2717 294 2798 εἶναι
322 2726 460 2819 γνῶσιν
487 2716 602 2822 ἀρχὴν
630 2728 694 2798 τοῦ
722 2720 895 2800 δυ’νασθαι
919 2726 1053 2821 γνῶναι
1082 2719 1177 2800 θεόν.
1239 2725 1304 2800 Καὶ
1312 2752 1325 2812 5

207 2856 320 2926 ταῦτα
347 2844 465 2925 πάντα
496 2843 542 2923 τά
575 2845 678 2949 νοερά
710 2848 768 2924 καὶ
799 2845 845 2925 τὰ
876 2845 1016 2953 ψυχικά
1043 2851 1104 2926 καὶ
1133 2845 1180 2927 τὰ
1207 2845 1304 2952 χοῖκά

207 2973 443 3078 κεχωρηκέναι
468 2977 515 3056 εἰς
532 2969 596 3051 τὸν
615 2971 772 3070 Ἰησοῦν,
794 2975 852 3051 καὶ
879 2976 967 3071 ὁμοῦ
993 2974 1035 3051 δι’
1056 2975 1169 3054 αὐτοῦ
1197 2985 1301 3052 λελα-

207 3097 351 3196 ληκίναι
375 3097 440 3181 τάς
457 3103 549 3200 τρεῖς
573 3099 697 3182 οῦσίας
713 3105 788 3182 τοῖς
804 3100 903 3201 τρισὶ
925 3098 1045 3199 γε’νεσι
1068 3107 1135 3178 τοῦ
1159 3098 1301 3193 παντὸς,

207 3226 298 3303 οὕτω
329 3221 517 3329 φάσκουσι
545 3228 700 3325 τριγενῖγ,
732 3222 937 3325 ἀγγελικδν,
967 3223 1142 3330 ψυχικὸν,
1171 3224 1301 3330 χοῖκδν,

205 3355 263 3429 καὶ
290 3357 383 3453 τρεῖς
406 3346 492 3427 εἶναι
515 3351 720 3448 ἐκκλησίας,
745 3347 952 3451 ἀγγελικὴν,
973 3348 1148 3456 ψυχικὴν,
1168 3350 1300 3457 χοῖκήν·
1315 3383 1342 3422 ιο

205 3476 362 3575 ὀνόματα
381 3475 418 3555 δὲ
439 3479 572 3573 αὐταῖς,
587 3475 747 3575 ε’κλεκτῦ,
762 3473 890 3575 κλητὴ,
907 3474 1152 3581 αἰχμάλωτος.
1183 3485 1303 3558 Ταῦτα

204 3606 283 3684 ἐστὶ
308 3602 354 3681 τά
379 3605 455 3683 κατ’
477 3600 605 3688 αῦτοῦς
630 3602 820 3709 κεφάλαια,
842 3606 889 3687 ὡς
907 3605 944 3680 ἐν
966 3603 1083 3709 ὀλίγιρ
1099 3605 1180 3684 ε’στὶ
1197 3639 1300 3684 κατα-

204 3736 342 3821 λαβεῖν.
394 3728 518 3808 Ταῦτά
545 3738 639 3834 φασι
662 3728 945 3832 παραδεδωκέναι
966 3726 1029 3808 τδν
1047 3726 1224 3823 Ἰάκωβον
1243 3729 1304 3810 τὸν

203 3855 364 3960 ἀδελφὸν
400 3864 464 3933 τοῦ
504 3857 637 3958 Κυρίου
675 3862 719 3962 τῇ
757 3854 967 3958 Μαριάμνῃ,
1003 3857 1303 3962 καταψευδόμενοι

202 3980 426 4086 ἀμφοτέρων.
1315 4006 1342 4066 ¹3

244 4156 290 4213 86.
313 4156 393 4213 Sext.
409 4159 525 4229 ἀνάρμων
543 4162 634 4232 ὄγκων.
679 4162 730 4218 Se·
772 4163 834 4236 ἀέρα
845 4163 926 4235 φύσει
935 4164 1017 4217 πάντα
1027 4157 1090 4216 εῖναι
1100 4164 1142 4216 καὶ
1153 4161 1301 4234 τῦχῃφοσῖ

200 4237 315 4304 quentia
330 4257 387 4292 non
402 4247 468 4294 sunt
482 4238 573 4298 Sexti.
815 4262 863 4317 93.
880 4244 957 4299 Fort.
974 4243 1040 4297 ἔστι.

242 4314 291 4370 88.
302 4321 408 4388 μερίζει,
422 4319 502 4375 idest
518 4322 599 4377 Plato
612 4322 681 4395 Leg.
692 4323 729 4389 Χ,
815 4342 864 4398 99.
881 4323 952 4380 Cod.
970 4324 1100 4392 νοασηνοί.

200 4405 227 4458 P·
241 4392 310 4469 889,
322 4397 354 4451 B.
373 4402 424 4468 πῦρ
439 4403 479 4453 καὶ
494 4400 561 4473 ὕδωρ
575 4404 615 4456 καὶ
629 4406 677 4473 γῆν
691 4406 731 4457 καὶ
819 4422 862 4477 13.
879 4403 952 4460 Cod.
968 4420 1117 4477 pemeram
1132 4404 1225 4474 φησίν.
