2782 4972
113 308 178 374 290
556 294 776 360 ORIGENIS
1204 286 1292 349 IX.=.³.

114 464 287 557 ποικίλος,
303 463 323 539 ὁ
342 459 416 537 ἅνω
436 456 532 537 κάτω
550 454 749 561 σχεδιάζων
768 455 1045 558 βλασφημίας,
1061 452 1121 530 ἵνα
1138 450 1234 548 μόνον

116 587 207 668 κατὰ
225 592 289 685 τῆς
307 586 475 683 ἀληθείας
493 583 611 683 λέγειν
629 585 731 686 δοκῇ,
751 578 841 661 ποτὲ
865 579 937 680 μὲν
962 585 1015 664 εἱς
1034 578 1081 658 τὸ
1101 585 1230 671 Σαβελ-

117 716 198 793 λίου
230 711 348 811 δόγμα
381 710 578 807 ἐμπίπτων,
609 707 696 786 ποτὲ
727 706 766 785 δὲ
798 711 848 790 είς
878 704 925 786 τὸ
957 704 1149 785 Θεοδότου
1176 706 1230 782 οὐκ

118 844 273 919 αἰδεῖται.
324 844 483 916 Τοιαῦτα
509 838 529 913 ό
553 830 641 933 γόης
663 831 872 930 τολμήσας,
894 831 1161 931 συνεστήσατο
1184 834 1226 906 δι·

119 970 336 1044 δασκαλεῖον
363 960 454 1041 κατὰ
486 964 549 1058 τῆς
575 959 801 1056 Ἐκκλησίας
834 961 954 1042 οὕτως
987 956 1151 1060 διδάξας,
1179 957 1260 1037 nah:

120 1096 262 1192 πρῶτος
280 1089 326 1167 τὰ
350 1085 441 1190 πρδς
465 1085 530 1169 τὰς
555 1083 683 1182 ἡδονὰς
704 1089 779 1166 τοῖς
805 1082 1019 1184 ἀνθρώποις
1038 1087 1228 1186 συγχωρεῖν

122 1217 303 1313 ἐπενόησε,
335 1213 452 1313 λε’γων
479 1218 594 1291 πᾶσιν
621 1209 678 1288 ὑπ’
701 1211 812 1287 αὑτοῦ
839 1210 1022 1314 ἀφίεσθαι
1051 1210 1222 1311 ἁμαρτίας.

123 1344 171 1421 ‘O
203 1339 276 1441 γὰρ
307 1341 390 1440 παρ’
420 1338 526 1443 ἑτέρῳ
558 1340 625 1416 τινὶ
662 1332 911 1433 συναγόμενος
948 1337 1012 1413 καὶ
1048 1334 1227 1434 λεγόμενος

125 1463 345 1569 Χριστιανὸς
363 1464 395 1541 εί
413 1500 447 1542 τι
473 1462 517 1542 ἂν
542 1461 696 1565 ἁμάρτῃ,
717 1463 849 1566 φασὶν,
871 1463 917 1539 οὑ
936 1460 1123 1562 λογίζεται
1142 1462 1226 1564 αι’τῲ

125 1592 147 1688 ἡ
172 1591 340 1692 ἁμαρτία,
370 1595 398 1666 εί
423 1585 651 1691 προσδράμοι
678 1590 723 1691 τῇ
752 1594 817 1664 τοῦ
841 1589 1075 1666 Καλλίστου
1101 1590 1223 1692 σχολῇ·
1233 1618 1261 1673 33

126 1717 168 1796 οὗ
186 1720 237 1822 τῷ
256 1715 328 1822 όριρ
346 1715 577 1817 ἀρεσκόμενοι
599 1715 733 1793 πολλοὶ
759 1715 971 1808 συνείδησιν
997 1710 1225 1813 πεπληγότες,

127 1840 203 1943 ἅμα
226 1877 263 1922 τε
289 1846 346 1921 καὶ
370 1840 439 1920 ὑπὸ
466 1847 620 1921 πολλῶν
647 1839 818 1942 αἱρέσεων
841 1840 1133 1937 ἀποβληθέντες,
1151 1836 1227 1920 ταῖς

132 1968 168 2047 δὲ
205 1972 262 2048 καὶ
298 1971 353 2048 ἐπὶ
387 1967 610 2067 καταγνώσει
642 1966 810 2063 ἕκβλητοι
841 1969 908 2062 τῆς
941 1967 1144 2064 ἐκκλησίας
1175 1964 1225 2069 ὑφ

129 2096 230 2194 ἡμῶν
250 2092 441 2194 γενόμενοι,
461 2091 789 2196 προσχωρήσαντες
811 2093 946 2187 αὐτοῖς,
966 2090 1175 2191 ἑπλήθυναν
1192 2088 1227 2168 τό

131 2224 381 2298 διδασκαλεῖον
406 2221 526 2297 αὐτοῦ.
585 2217 705 2301 Οῖσος
725 2215 963 2316 ἐδογμάτισεν
987 2217 1091 2303 ὅπως
1112 2223 1138 2295 εἰ
1161 2218 1225 2295 ἐπί·
1234 2246 1264 2297 4⁰

132 2376 270 2424 σκοπος
289 2342 441 2445 ἁμάρτοι
458 2379 505 2440 τι,
527 2348 555 2421 εί
580 2347 638 2422 καὶ
658 2340 749 2444 πρὸς
767 2339 936 2438 θάνατον,
956 2340 1009 2441 μὴ
1031 2348 1105 2421 δεῖν
1128 2377 1225 2422 κατα·

129 2468 300 2546 τίθεσθαι.
351 2468 436 2548 Ἐπὶ
459 2467 586 2548 τούτου
607 2468 765 2572 ἤρξαντο
783 2469 977 2547 ἐπίσκοποι
994 2475 1058 2549 καὶ
1078 2468 1224 2572 πρεσβί-

130 2627 221 2695 τεροι
241 2597 299 2671 καὶ
322 2592 475 2673 διάκονοι
495 2597 637 2694 δίγαμοι
662 2599 719 2674 καὶ
741 2595 907 2696 τρίγαμοι
927 2597 1174 2676 καθίστασθαι
1187 2598 1228 2675 εἷς

132 2720 299 2823 κλήρους.
348 2726 391 2799 EI
412 2719 448 2797 δὲ
466 2722 528 2799 καί
542 2755 595 2803 τις
613 2723 650 2798 ἐν
668 2719 791 2826 κλήρῳ
809 2718 860 2798 ὢν
879 2722 1029 2820 γαμοίη,
1044 2722 1159 2819 με’νειν
1173 2719 1228 2798 τὸν

131 2856 291 2927 τοιοῦτον
319 2849 355 2923 ἐν
379 2850 430 2951 τῷ
459 2846 583 2952 κλήρῳ
607 2850 655 2930 ὡς
682 2845 731 2944 μὴ
759 2846 1001 2948 ἡμαρτηκότα·
1038 2849 1099 2927 ἐπὶ
1125 2845 1261 2951 τούτοις·

133 2971 288 3077 φάσκων
307 2978 468 3074 εἰρῆσθαι
485 2971 527 3052 τδ
549 2972 618 3052 ὑπὸ
637 2983 701 3052 τοῦ
719 2971 928 3053 ἀποστόλου
946 2973 1070 3075 ῥηθὲν,
1082 2985 1104 3020 “
1117 2970 1168 3051 Σῖι
1183 2972 1228 3054 τίς

68 3201 72 3207 Ι
132 3094 199 3175 εῖό
219 3099 346 3200 κρίνων
365 3097 560 3200 ἀλλότριον
579 3098 714 3197 οῖκέτην
727 3098 760 3195 ;”
786 3096 911 3178 Ἀλλά
934 3102 996 3177 καὶ
1018 3096 1228 3201 παραβολὴν

26 3243 85 3310 1¹5
96 3248 123 3288 V·
132 3228 205 3300 τῶν
222 3220 379 3322 ζιζανίων
397 3223 489 3326 πρὸς
505 3225 620 3331 τούτῳ
638 3225 707 3330 ἔφη
727 3225 911 3325 λέγεσθαι·
932 3221 1106 3331 ((Ἀφετε
1123 3224 1167 3305 τὰ
1184 3220 1226 3322 ζ·

135 3346 235 3448 ζάνια
262 3347 454 3451 συναύξειν
479 3356 530 3455 τῷ
558 3350 684 3456 σίτῳ,”
703 3350 887 3430 τουτέστιν
910 3353 947 3428 ἐν
968 3350 1229 3453 τῇἘκκλησιᾳ

134 3472 217 3556 τοῖις
230 3473 510 3578 ἁμαρτάνοντας.
547 3477 671 3555 Ἀλλὰ
689 3480 747 3556 καὶ
764 3474 830 3574 τὴν
843 3472 999 3563 κιβωτόν
1011 3485 1079 3554 τοῦ
1093 3482 1173 3556 Νῶε
1187 3480 1263 3556 εῖςΞο

135 3600 295 3696 ὁμοίωμα
312 3600 535 3699 Ἐκκλησίας
553 3602 622 3707 ἔφη
644 3602 840 3703 γεγονέναι,
860 3597 942 3705 ε’νῇ
967 3604 1028 3678 καὶ
1055 3601 1156 3685 κύνες
1177 3601 1228 3678 καὶ

135 3723 238 3801 λύκοι
263 3727 321 3802 καὶ
341 3722 499 3827 κόρακες,
521 3731 578 3806 καὶ
596 3726 716 3806 πάντα
733 3726 779 3805 τὰ
798 3724 938 3828 καθαρὰ
956 3729 1016 3803 καὶ
1038 3725 1225 3827 ἀκάθαρτα·

137 3851 228 3926 οὕτω
252 3848 406 3954 φάσκων
428 3855 498 3928 δεῖν
523 3849 608 3930 εἶναι
633 3856 670 3930 ἐν
689 3850 893 3955 Ἐκκλησίᾳ
910 3853 1053 3950 ὁμοίως·
1086 3854 1146 3930 καὶ
1166 3852 1228 3930 ὅσα

177 4096 226 4151 31.
242 4079 313 4134 Cod.
330 4085 477 4151 συγχωρεῖν.
747 4084 795 4153 48.
811 4084 889 4139 Fort.
903 4086 969 4154 πρὸς
981 4089 1068 4139 τοῦτο.

175 4175 225 4228 34·
242 4159 311 4232 Leg·
326 4160 378 4213 ὅτι
392 4161 431 4213 ἄν.
747 4164 785 4219 ib.
802 4163 908 4220 Matth.
925 4162 1012 4224 XIII.
1023 4181 1073 4237 30.

176 4239 225 4308 38.
242 4238 314 4294 θοὰ·
330 4242 453 4307 ἔκκλητοι·
748 4257 765 4317 5
768 4260 797 4314 3.
812 4246 888 4301 Ante
902 4246 995 4313 ὁμοίως
1009 4244 1191 4320 distinguiwr
1205 4241 1229 4296 In

176 4335 225 4387 44.
243 4316 316 4373 Cod.
332 4320 367 4373 δν
379 4324 476 4391 γνώμη.
707 4324 814 4380 codice.

176 4398 224 4462 46.
244 4398 325 4452 Rom.
340 4399 422 4466 XIV,
436 4419 461 4470 4.
