2782 4972
147 263 190 330 64
584 266 800 335 ORIGENIS
1040 256 1044 269 ⁸
1206 264 1289 331 Νιῦ

146 432 225 511 τίνα
242 428 312 536 χρῆ
329 429 464 533 τρόπον
482 432 737 534 ἀποκρίνεσθαι
760 429 973 533 προύνόησε.
1021 433 1098 510 Καὶ
1123 428 1277 524 λοιπδνμ

147 557 233 637 ε’ίσω
257 562 447 662 παρελθεῖν
471 555 603 636 κελεύει
625 556 710 642 τοὺς
730 555 924 660 παρόντας,
944 553 1087 663 δόφνας
1102 559 1246 662 ἔχοντας

147 687 206 762 καὶ
238 684 415 778 σείοντος,
445 685 505 760 καὶ
542 681 771 785 κεκραγότας,
804 685 864 761 καὶ
893 680 960 762 τόν
991 687 1091 788 φρῦν
1127 684 1244 763 ἐπικα-

147 816 302 893 λοῦντας
332 808 495 907 δαίμονα,
528 807 603 906 (καὶ
633 806 706 911 γὰρ
736 809 905 914 ἐπιγελᾷν
935 805 1077 893 τούτοις
1107 809 1245 915 πρέπει)

147 936 205 1013 καὶ
236 943 342 1014 τοῦτο
375 937 482 1011 αι’τεῖν
511 931 611 1035 παρά
643 931 820 1033 δαιμόνων
855 929 971 1036 ἀξιον,
1001 932 1022 1013 δ
1056 933 1101 1012 δι’
1131 937 1248 1013 αὐτῶν

146 1060 311 1165 παρέχειν
343 1061 385 1138 οὐ
417 1057 588 1137 θέλουσιν
619 1057 862 1144 ἀπολέσαντες
890 1056 956 1142 τός
989 1058 1136 1164 φρένας.
1195 1057 1283 1149 Τόςς

147 1184 184 1265 δέ
215 1186 379 1283 ἄκοσμον
406 1188 470 1283 τῆς
496 1188 586 1282 βοῆς
617 1189 675 1263 καὶ
706 1187 726 1264 ό
753 1185 879 1290 ψόφος
909 1182 961 1269 οἷς
988 1187 1027 1264 ἐν
1055 1186 1248 1293 ἀπορρήτῳ

145 1311 370 1410 πεποιηκέναι
403 1308 536 1411 ἐνόμιᾷ
567 1314 851 1413 παρακολουθεῖν
880 1310 1023 1391 ἐκιόλυε.
1086 1313 1182 1391 Τίνα
1211 1308 1262 1391 δὲ’

145 1445 258 1516 ταῦτα
293 1437 385 1532 ἐστὶ,
419 1434 539 1539 καιρός
575 1433 705 1516 λοιπόν
741 1435 868 1537 λέγειν.
938 1434 1046 1516 Πολι)
1082 1438 1151 1535 μὲν
1187 1439 1247 1517 οὖν

144 1560 311 1665 τυγχάνει
343 1560 387 1642 τδ
422 1560 565 1648 σκότος.
630 1561 734 1663 Λέγει
770 1559 843 1665 γάρ
878 1562 1053 1642 ἀδύνατον
1089 1561 1137 1642 τὰ
1174 1569 1247 1642 θεῖα

146 1690 233 1792 ὁρᾷν
264 1684 396 1786 θνητήν
427 1687 553 1793 φύσιν·
589 1686 709 1767 ἱκανόν
741 1684 813 1790 γάρ
838 1684 881 1767 τό
911 1689 1059 1786 ὁμιλεῖν.
1120 1694 1283 1770 Rara-⁶0

145 1815 270 1898 κλίνας
294 1811 331 1892 δέ
358 1811 422 1893 τόν
445 1818 556 1892 παῖδα
578 1817 709 1916 πρηνῆ,
728 1815 787 1891 καὶ
805 1810 869 1890 δύο
885 1817 959 1891 τῶν
976 1817 1245 1915 γραμματιδίου

144 1940 283 2018 ἐκείνων
307 1936 398 2043 ἅπερ
420 1937 466 2038 ήν
488 1937 761 2042 ἐγγεγραμμένα
776 1939 982 2040 Ἑβραόεοῖς
1003 1941 1110 2036 δῆθεν
1125 1938 1242 2044 γράμ·

143 2101 257 2165 μασιν
275 2069 324 2150 ὡς
341 2061 517 2164 δαιμόνων
535 2062 706 2163 ὀνόματα,
725 2067 866 2170 πλευρᾷ
887 2067 1056 2167 παραθεὶς
1080 2065 1240 2172 ἑκατέρᾳ,

142 2189 189 2269 τά
218 2189 330 2269 λοιπὰ
360 2195 434 2273 τοῖς
466 2191 558 2269 ὠσὶν
582 2187 743 2289 ἐνθήσειν
769 2188 878 2289 λε’γει.
930 2185 1045 2268 Ἔστι
1072 2188 1113 2269 δέ
1137 2200 1241 2272 τοῦτο

143 2312 230 2393 αι’ττὸ
262 2317 470 2415 ἀναγκαῖον,
500 2314 559 2393 ἵνα
589 2349 623 2393 τι
652 2317 797 2419 παρσθῆ
825 2321 899 2399 τοῖς
927 2317 998 2394 ὠσὶ
1024 2322 1091 2394 τοῦ
1117 2316 1279 2416 παιδδςός

143 2439 311 2542 ὄργανον,
343 2437 385 2516 δι’
414 2439 456 2518 οὗ
484 2447 558 2518 πᾶν
589 2440 667 2520 ἔστι
699 2447 859 2539 σημᾶναι
889 2441 1055 2538 θέλοντα,
1084 2442 1243 2548 ήχοῦντα

141 2571 298 2670 πρῶτον,
327 2565 385 2643 ἵνα
412 2571 559 2671 φοβηθῆ
589 2569 733 2662 ὀπαῖς,
762 2568 821 2645 καὶ
847 2564 1008 2669 δεότερον
1032 2570 1068 2646 τὶ
1095 2574 1238 2668 βομβεῖ,

140 2691 259 2772 ἔπειτα
281 2688 324 2772 τό
350 2692 471 2795 τρίτον
497 2697 607 2770 λαλεῖ
630 2690 688 2769 διὰ
711 2699 775 2771 τοῦ
800 2688 969 2794 ἀργόνου,
989 2689 1014 2770 ἀ
1037 2690 1157 2793 λέγειν
1177 2693 1240 2775 τδν

141 2821 252 2896 παῖδα
277 2816 459 2914 βούλεται,
491 2819 550 2897 καὶ
580 2814 647 2914 τὴν
676 2814 826 2911 ἔκβασιν
854 2825 919 2896 τοῦ
949 2814 1165 2920 πράγματος
1192 2823 1240 2905 ὡς

49 2975 86 3040 13
103 2975 133 3019 v.
142 2947 246 3037 δοκεῖ,
266 2939 341 3020 εἶτα
367 2941 450 3026 τοὺς
472 2942 539 3043 μὲν
561 2939 742 3044 παρόντας
763 2938 952 3046 ἡσυχάζειν
975 2947 1078 3039 ποιεῖ,
1097 2940 1165 3025 τδν
1186 2944 1279 3042 δέ,70

139 3066 164 3146 ἀ
181 3066 281 3170 παρὰ
297 3073 370 3147 τῶν
390 3066 567 3167 δαιμόνων
590 3067 735 3166 ἤκουσε,
755 3068 942 3166 σημαίνειν
966 3063 1072 3170 ἀξιοῖ.
1119 3068 1177 3151 Τό
1201 3070 1238 3149 δὲ

138 3203 213 3278 τοῖς
231 3196 301 3273 ὠσὶ
318 3194 514 3296 παρατεθὲν
531 3193 686 3297 ὄργανον
703 3195 781 3273 ἐστὶ
798 3190 956 3299 φυσικόν
977 3192 1146 3296 ὄργανον,
1165 3203 1237 3276 τῶν

138 3318 447 3424 μακροτραχήλων
461 3317 621 3422 γερόνων
638 3316 661 3417 ἢ
679 3315 909 3421 πελαργῶνή
923 3318 1059 3398 κύκνων
1072 3322 1234 3425 ἀρτηρία·

138 3443 189 3525 ὧν
221 3451 250 3524 εί
287 3445 478 3549 μηδέτερον
508 3443 673 3550 πάρεοτι,
707 3448 766 3525 καὶ
796 3444 897 3546 ἕτερα
926 3443 1051 3549 τέχνης
1084 3444 1233 3548 ὄργανα·

178 3673 226 3734 52.
242 3660 314 3717 cod.
330 3664 407 3733 φρήν.
746 3658 794 3715 66.
819 3659 895 3714 Fort.
910 3662 1020 3729 σημᾶναι
1041 3659 1085 3733 [ἃ]
1106 3661 1167 3719 sive
1184 3662 1234 3717 ὅσα

176 3737 213 3796 ib.
229 3738 301 3796 Cod-
316 3741 500 3797 ἐπικαλοῦντες.
705 3739 784 3794 θέλει·
799 3742 903 3811 κατηχεῖ
916 3762 945 3793 τε
957 3745 1067 3811 πρῶτον.
1088 3759 1152 3814 quoe
1162 3759 1232 3817 ρης·

177 3831 225 3894 54.
242 3819 315 3893 Leg.
330 3821 405 3888 ἀξιοῖ.
706 3819 811 3876 cedunt
827 3821 884 3874 ἔστι
898 3819 1038 3874 δέ-θελιι
1057 3838 1110 3894 pro
1131 3840 1231 3895 paren·

176 3899 212 3956 ib.
229 3899 301 3956 (lod.
316 3901 406 3954 αὐτῶν.
705 3899 778 3956 thesi
791 3899 923 3955 habenda
937 3907 1013 3955 sunt.

176 3994 224 4053 55.
239 3979 310 4035 Cod.
325 3980 513 4035 ἀπολέσαντες.
738 3979 964 4054 67.(ἶοδ.βῠμβῆ·
979 3978 1080 4035 Malim
1089 3981 1231 4051 ἐπιβομβεῖ.

176 4058 224 4132 56.
240 4059 313 4116 Cod.
330 4061 357 4115 ἐν
369 4058 528 4132 ἀπορρήτοις.
737 4061 785 4134 69.
795 4059 865 4133 Leg.
874 4060 1021 4131 πράγματος
1029 4057 1134 4116 δοκεόει.
1156 4061 1230 4118 Nam

176 4153 223 4212 57.
238 4137 387 4197 Sententia
396 4139 540 4214 postulare
551 4138 662 4198 videtur
703 4140 738 4197 ὥς
750 4147 848 4195 natum
863 4157 898 4195 ex
912 4140 1069 4212 πράγματος.

133 4219 266 4289 ἐνομίζετο.
745 4236 794 4292 74.
823 4218 894 4293 Leg-
918 4219 1051 4292 πάρεστιν,
1078 4218 1163 4295 [ἐστι]
1190 4220 1229 4277 καί

174 4299 222 4356 62.
238 4299 312 4357 eod.
328 4301 523 4374 ἐγκιγραμμίνα.
703 4299 761 4355 sive
775 4299 869 4373 potius
881 4303 958 4371 παρῇ,
969 4300 1050 4365 tow,
1060 4307 1093 4356 ut
1106 4299 1230 4376 loquitur

173 4381 221 4451 63.
238 4381 310 4439 eod.
327 4383 440 4454 ίκάτιρσ.
703 4400 730 4456 p.
740 4381 789 4455 65,
803 4380 851 4436 lin.
863 4380 898 4453 83
915 4389 945 4436 et
960 4379 1008 4436 86.
