2782 4972
121 250 162 309 12
565 247 777 312 ORIGENIS
875 264 879 269 ·

121 415 207 496 όταν
225 418 449 518 ἀθροισθῶσι
476 416 700 513 κινουμένων,
723 412 822 494 ῦετδν
842 411 879 491 δέ
900 414 938 490 έκ
962 415 1030 512 γῆς
1056 415 1219 491 ἀναδιδο-

119 542 226 643 ρένης
244 544 281 620 ἐκ
299 548 372 621 τῶν
392 543 450 649 ὑφ’
472 542 587 641 ἥλιον·
618 539 809 644 ἀστραπάς
836 538 885 637 δέ,
908 540 994 620 ὅταν
1012 540 1145 639 ἄνεμος
1161 542 1220 637 ἐμ-

120 671 261 750 πίπτων
279 674 399 776 διὶστᾷ
428 667 492 754 τάς
519 668 680 776 νεφέλας.
738 669 858 752 Οὗτος
876 667 1014 768 ἐγένετο
1030 664 1124 746 κατὰ
1148 667 1247 754 ἕτος5

121 799 242 900 τρίτον
259 801 323 895 τῆς
340 801 639 899 τεσσαρακοστῆς
657 794 817 897 δευτέρας
835 791 1068 890 ὀλυμπιάδος.

490 1040 580 1105 Hem
597 1034 862 1105 ’Ammon

176 1178 412 1283 Ἀναξιμένης
440 1178 477 1257 δέ
502 1181 559 1258 καὶ
586 1177 693 1264 αὐτὸς
712 1178 762 1257 ὧν
782 1177 982 1277 Μιλήσιος,
1004 1175 1078 1262 υἷος
1097 1179 1127 1255 δ
1150 1180 1222 1257 Εῦ·

121 1305 325 1411 ρυστράτου
343 1305 431 1408 ἀέρα
459 1306 604 1409 ἀπειρον
621 1305 691 1412 ἔφη
709 1303 775 1404 τὴν
794 1302 908 1411 ἀρχὴν
925 1302 1023 1400 εἶναι,
1043 1302 1088 1406 ἐξ
1115 1304 1158 1383 οὗ
1180 1303 1225 1383 τὰ

121 1432 300 1534 γινόμενα,
329 1432 375 1511 τά
406 1430 580 1532 γεγονότα
608 1434 666 1510 καὶ
690 1432 736 1511 τά
766 1432 930 1530 ἐσόμενα,
955 1434 1014 1510 καὶ
1039 1429 1139 1516 θεοὺς
1166 1433 1267 1515 καὶιο

121 1566 196 1639 θεῖα
215 1557 448 1659 γίνεσθαι,τά
467 1558 503 1636 δὲ
521 1558 633 1638 λοιπά
650 1561 688 1637 ἐκ
705 1565 778 1637 τῶν
790 1559 917 1638 τούτου
931 1555 1134 1658 ἀπογόνων.
1169 1556 1223 1638 Τδ

122 1684 158 1764 δὲ
189 1680 279 1769 εἶδος
305 1693 369 1764 τοῦ
401 1684 501 1788 ἀέρος
524 1695 697 1781 τοιοῦτον,
725 1685 811 1764 όταν
838 1682 902 1783 μέν
930 1682 1164 1783 ὁμαλοῦτατος
1186 1681 1222 1789 ᾗ,

122 1812 205 1919 ὅψει
222 1812 371 1911 ἄδηλον,
393 1814 592 1911 δηλοῦσθαι
621 1811 658 1889 δέ
684 1818 735 1918 τῷ
763 1816 908 1917 ψυχρῷ,
929 1813 987 1888 καὶ
1011 1815 1064 1916 τῷ
1090 1816 1222 1918 θερμῷ,

122 1944 181 2019 καὶ
207 1945 259 2046 τῷ
288 1943 430 2046 νοτερῷ,
451 1944 510 2018 καὶ
536 1944 588 2045 τῷ
616 1939 821 2045 κινουμένῳ,
843 1943 1012 2016 κινεῖσθαι
1030 1934 1068 2014 δέ
1086 1938 1151 2014 ἀεί·
1184 1940 1226 2017 οῦ

122 2066 194 2170 γάρ
216 2064 458 2166 μεταβάλλειν
474 2066 546 2146 ὅσα
563 2063 795 2162 μεταβάλλει,
816 2070 845 2142 εἱ
867 2061 917 2164 μὴ
942 2071 1085 2143 κινοῖτο.
1143 2071 1267 2163 [lv-15

122 2193 315 2291 κνοῦμενον
351 2189 423 2293 γάρ
459 2193 518 2268 καὶ
549 2190 779 2294 ἀραιούμενον
807 2190 980 2299 διάφορον
1016 2193 1222 2298 φαίνεσθαι·

123 2321 210 2399 όταν
228 2314 265 2394 δέ
282 2321 329 2400 εἷς
346 2314 389 2394 τὸ
408 2314 611 2420 ἀραιότερον
629 2322 790 2424 διαχυθῇ,
811 2328 884 2421 πῦρ
907 2319 1082 2418 γίνεσθαι,
1102 2318 1227 2416 μέσως

124 2444 161 2523 δέ
190 2443 279 2523 ε’πάν
303 2446 350 2526 είς
378 2441 465 2545 ἀέρα
492 2444 745 2544 πυκνούμενον,
766 2442 810 2547 ἐξ
836 2445 936 2548 ἀέρος
962 2444 1069 2549 νέφος
1094 2447 1223 2524 ἀποτε-

123 2575 240 2675 λεσθῇ
273 2566 364 2649 κατὰ
400 2565 466 2669 τὴν
497 2569 669 2671 πόλησιν,
701 2571 750 2652 ἔτι
783 2572 820 2649 δέ
854 2579 1001 2671 μᾶλλον
1032 2574 1139 2675 ὕδωρ,
1169 2573 1226 2650 ε’πὶ

122 2704 248 2778 πλεῖον
266 2697 494 2778 πυκνωθέντα
511 2690 594 2801 γῆν,
611 2702 669 2777 καὶ
686 2702 733 2782 εἷς
751 2697 794 2778 τδ
811 2697 976 2797 μάλιστα
992 2696 1225 2777 πυκνότατον
1236 2739 1272 2777 20

124 2828 258 2911 λίθους.
303 2823 420 2906 Ὥστε
434 2825 480 2906 τά
501 2827 700 2930 κυριώτατα
713 2831 776 2925 τῆς
794 2825 966 2926 γενέσεως
983 2827 1123 2904 ἐναντία
1138 2822 1225 2903 εἶναι

122 2953 253 3057 θερμόν
271 2985 309 3032 τε
337 2953 396 3030 καὶ
421 2950 578 3058 ψυχρόν.
623 2949 702 3050 Τὴν
727 2950 851 3052 δέγῆν
874 2957 1047 3032 πλατεῖαν
1065 2948 1152 3029 εἶναι
1170 2952 1222 3032 ἐπ’

123 3080 226 3183 ἀέρος
244 3075 453 3182 ὀχουμεῦην,
475 3080 603 3177 ὁμοίως
621 3076 658 3156 δὲ
676 3080 734 3156 καὶ
752 3079 868 3177 ἥλιον,
890 3080 948 3156 καὶ
972 3076 1145 3176 σελήνην,
1165 3080 1224 3156 καὶ

123 3203 170 3286 τά
202 3207 304 3283 ἀλλα
335 3202 467 3307 ἀοτρα·
497 3202 616 3285 πάντα
644 3204 716 3308 γάρ
742 3203 876 3308 πόρινα
905 3203 992 3284 ὄντα
1019 3205 1224 3309 ἐποχεῖσθαι

123 3335 175 3437 τῷ
193 3331 269 3434 ἀέρι
288 3328 346 3409 διά
361 3328 513 3417 πλάτος.
549 3330 739 3432 Γεγονέναι
758 3328 795 3407 δέ
811 3328 858 3409 τά
875 3312 996 3434 ἀστρα
1013 3332 1051 3409 ἐκ
1068 3334 1149 3432 γῆς,
1166 3329 1225 3409 διά
1235 3369 1271 3433 ²5

123 3456 166 3538 τδ
194 3455 261 3556 τὴν
284 3455 415 3557 ἶκμάδα
444 3460 482 3536 ἐκ
512 3456 643 3557 ταότης
671 3459 901 3554 ἀνίστασθαι,
924 3457 968 3557 ἧς
993 3457 1226 3561 ἀραιουμένης

122 3582 165 3665 τδ
182 3593 256 3687 πῦρ
274 3585 447 3685 γίνεσθαι,
467 3586 505 3663 ἐκ
533 3582 570 3663 δὲ
597 3593 661 3664 τοῦ
685 3583 797 3688 πυρὸς
823 3582 1115 3689 μετεωριζομένοο
1141 3582 1227 3670 τοῦς

123 3708 279 3812 ἀστέρας
301 3711 556 3808 συνίστασθαι.
614 3708 717 3790 Εἶναι
743 3707 780 3788 δὲ
805 3715 863 3788 καὶ
884 3710 1024 3812 γεώδεις
1042 3710 1171 3818 φύσεις
1187 3714 1228 3790 έν

123 3840 175 3943 τῷ
192 3833 292 3943 τάτερ
304 3844 377 3916 τῶν
395 3836 557 3942 ἀστέρων
571 3835 847 3943 συμψερομένας
859 3837 1012 3922 ἐκείνοις.
1049 3840 1109 3917 Οῦ
1120 3843 1223 3915 κινεῖ·

124 3969 212 4043 σθαι
231 3960 268 4040 δὲ
296 3961 366 4042 ῦπδ
386 3967 457 4063 γῆν
473 3960 519 4042 τά
539 3961 659 4064 ἀστρα
677 3962 786 4062 λέγει,
807 3960 925 4046 καθὼς
943 3963 1053 4066 ἕτεροι
1075 3963 1223 4063 ἀπειλή·
1235 4006 1277 4063 30

125 4095 254 4195 φασιν,
275 4087 377 4167 ἀλλά
393 4092 474 4191 περὶ
492 4092 562 4189 γῆν
581 4090 734 4192 ὡσπερεὶ
751 4090 831 4192 περὶ
848 4087 915 4187 τὴν
928 4089 1097 4193 ἡμετέραν
1110 4096 1222 4197 κεφα-

125 4212 196 4313 λὴν
213 4214 405 4321 στρέφεται
431 4212 473 4295 τδ
495 4216 629 4313 πιλίον,
651 4214 873 4318 κρόπτεσθαί
893 4250 932 4295 τε
953 4214 1017 4296 τὸν
1034 4217 1139 4315 ἥλιον
1158 4218 1225 4320 οῦχ

125 4340 195 4423 ῦπδ
213 4346 283 4443 γῆν
301 4340 501 4444 γενόμενον,
522 4343 607 4421 ἀλλ’
629 4338 698 4420 ὑπὸ
725 4348 798 4421 τῶν
815 4346 878 4440 τῆς
897 4346 965 4442 γῆς
987 4341 1225 4447 ὑψηλοτέρων
