2782 4972
120 324 164 385 28
564 316 781 381 ORIGENIS

120 479 315 576 ἐπιθυμίας,
332 480 365 555 οῖ
383 471 500 572 δέτήν
514 477 571 555 ἐπὶ
588 478 633 579 τῇ
653 477 759 579 ἀρειῇ
776 473 920 574 ήδονήν.
957 473 1036 560 Τάς
1050 474 1091 555 δέ
1105 473 1224 581 φαιχάς

121 613 195 685 τῶν
213 602 411 707 ἀνθρῶτων
431 600 581 680 λύεσθαι
609 601 685 701 ἅμα
711 608 786 686 τοῖς
813 600 997 700 σῶμασιν,
1018 600 1148 704 ὥσπερ
1170 604 1224 680 καῖ

122 736 404 832 συγγεννᾶσθαι,
425 731 544 813 αύτοῖς
561 729 705 826 τίθεται,
730 726 818 828 αἷμα
844 726 917 830 γὰρ
934 726 1046 812 αι’πάς
1063 725 1164 825 εἶναι,
1185 728 1222 808 οδ

121 855 332 960 ἐξελθόντος
348 854 370 954 ἢ
389 855 585 959 τραπέντος
598 853 832 935 ἀπόλλυσθαι
844 855 932 934 ὅλον
944 853 1010 934 τὸν
1019 856 1219 959 ἄνθρωπον,
1229 879 1254 937 75

123 982 153 1091 ᾧ
172 988 362 1064 ἀκολουθεῖ
376 982 463 1083 μήτε
477 983 610 1085 κρίσεις
627 979 714 1061 εῖναι
731 984 768 1060 ἐν
780 979 923 1079 Ἃιδου,
943 980 1034 1081 μήτε
1052 981 1218 1082 δικαστή-

123 1145 196 1213 ρια,
213 1108 264 1189 ὧν
279 1111 311 1206 ὅ,
326 1146 361 1189 τι
379 1108 423 1189 ἀν
437 1107 555 1213 δράση
568 1144 622 1193 τις
634 1111 671 1186 ἐν
684 1111 735 1215 τῷ
754 1109 823 1215 βίῳ
836 1107 966 1216 τούτῳ,
983 1110 1043 1187 καὶ
1056 1107 1218 1213 δωλιῖθη,

124 1237 313 1318 ἀνεύθυνον
331 1233 417 1315 εῖναι
434 1241 631 1319 παντελῶς.
678 1237 807 1319 Οὕτως
826 1236 964 1314 οὖνκαὶ
982 1236 1204 1339 Ἐπίκουρος.

476 1479 566 1544 Περι
592 1472 868 1544 'Amanum

174 1616 303 1717 Ἀλλη
336 1619 373 1696 δέ
404 1620 538 1721 αἵρεσις
569 1617 789 1726 φιλοσόφων
817 1618 950 1719 ἐκλήθη
988 1619 1257 1721 ἀκαδημαῖιςή,εο

127 1744 243 1824 διὰτὸ
262 1749 299 1824 ἐν
318 1747 362 1849 τῇ
382 1745 585 1851 Ἀκαδημίᾳ
602 1745 667 1831 τὰς
687 1743 869 1848 διατριβὰς
887 1745 1015 1832 αύτούς
1032 1754 1221 1843 ποιεῖσθαι,

126 1866 177 1949 ῶν
195 1868 310 1973 ἀρξας
328 1873 348 1949 ὁ
368 1869 538 1974 Πύρρων,
559 1870 622 1977 ἀφ’
643 1871 685 1950 οὗ
709 1871 911 1974 Πυρρῶνιοι
937 1871 1148 1972 ἐκλήθησαν
1166 1881 1222 1980 φι-

127 1997 299 2103 λόσοφοι,
319 1996 386 2097 τήν
404 2000 660 2105 ἀκαταληψίαν
677 1996 846 2079 ἁπάντων
863 2007 1005 2102 πρῶτος
1022 1999 1225 2102 εἰσήγαγεν,

127 2129 176 2210 ὡς
201 2128 384 2230 ἐπιχειρεῖν
401 2126 467 2223 μέν
484 2130 532 2208 εῖς
559 2122 718 2228 ἑκάτερα,
739 2122 789 2223 μὴ
817 2125 934 2224 με’ντοι
962 2127 1227 2230 ἀποφαίνεσθαι

125 2251 246 2351 μηδέν.
292 2249 409 2330 Ούδέν
427 2249 500 2352 γὰρ
518 2248 604 2329 εῖναι
623 2254 702 2331 οὔτε
729 2258 802 2331 τῶν
821 2259 957 2350 νοητῶν
977 2256 1055 2332 οὔτε
1080 2260 1156 2333 τῶν
1173 2259 1266 2349 ‹xi-85

126 2376 272 2476 σθήτων
302 2375 445 2473 ἀληθές,
481 2378 581 2457 ἀλλὰ
619 2383 731 2459 δοκεῖν
763 2386 838 2464 τοῖς
880 2378 1080 2482 ἀνθρώπως
1117 2383 1229 2467 οὕτως

125 2502 228 2607 ἔχειν.
283 2501 459 2603 Ῥευστήν
486 2537 524 2582 τε
548 2501 633 2583 εῖναι
658 2503 725 2603 τήν
754 2507 882 2585 οὐσίαν
900 2513 1025 2586 πᾶσαν
1042 2511 1102 2586 καὶ
1118 2541 1227 2607 μετα·

126 2624 282 2727 βλητὴν,
303 2631 362 2708 καὶ
387 2626 564 2728 μηδέποτε
581 2632 618 2709 ἐν
635 2639 687 2738 τῷ
705 2635 801 2738 αύτῷ
826 2629 954 2732 μένειν.
1004 2638 1054 2712 Oi
1081 2633 1148 2733 μὲν
1167 2635 1230 2713 οὖν

127 2761 199 2833 τῶν
232 2754 505 2857 Ἀκαδημαικῶν
537 2753 690 2857 λέγουσι
718 2754 769 2857 μή
802 2761 873 2836 δεῖν
902 2755 967 2856 τήν
997 2755 1112 2863 ἀρχήν
1147 2763 1231 2862 περὶ

126 2881 277 2983 μηδενὸς
294 2886 570 2991 ἀποφαίνεσθαι,
591 2884 677 2963 ἀλλ’
697 2887 824 2969 ἁπλῶς
841 2884 1136 2990 ἐπιχειρήσαντας
1151 2887 1226 2993 ε’ᾷν.
1237 2927 1274 2985 90

129 3014 179 3088 Οῖ
204 3010 242 3088 δέ
265 3008 309 3089 τὸ
335 3017 482 3109 μᾶλλον
504 3007 747 3114 προσέθεσαν,
770 3007 938 3112 λέγοντες
960 3009 1002 3093 τδ
1020 3019 1169 3111 μᾶλλον
1186 3010 1231 3093 τδ

127 3145 202 3240 πῦρ
219 3134 304 3216 εἶναι
322 3135 345 3235 ἢ
365 3137 463 3218 ἀλλο
481 3174 526 3220 τι.
583 3141 643 3220 Ού
661 3136 727 3240 μίν
745 3175 800 3220 τοι
819 3138 1049 3247 ἀπεφήναντο
1077 3138 1164 3222 αύτδ
1195 3142 1234 3220 τί

128 3265 241 3361 ε’στιν,
261 3264 363 3345 ἀλλὰ
380 3263 422 3346 τὸ
441 3264 587 3346 τοιόνδε.

354 3511 444 3575 Ilum
470 3511 683 3575 Βνκκιικνου
708 3534 774 3575 του
802 3534 844 3576 αν
869 3504 1007 3576 ’Imm

178 3649 292 3733 Ἔστι
310 3651 348 3731 δέ
366 3654 425 3731 καὶ
441 3650 540 3755 παρὰ
557 3653 683 3736 Ἰνδοῖς
700 3652 835 3755 αἵρεσις
849 3650 1180 3757 φιλοσοφουμένων
1191 3652 1231 3731 ἐν
1240 3684 1276 3742 95

128 3784 204 3863 τοῖς
223 3775 466 3884 Βραχμοίναις.
510 3783 561 3857 Oi
578 3779 660 3872 βίον
680 3778 746 3876 μὲν
764 3775 922 3881 αύτάρκη
938 3774 1229 3880 προβάλλονται,

129 3904 304 4012 ἐμψύχων
323 3905 360 3984 δέ
378 3907 437 3984 καὶ
455 3910 527 3983 τῶν
546 3905 604 3984 διδ
620 3904 733 4009 πυρὸς
757 3903 960 4010 βρωμάτων
977 3902 1123 3983 πάντων
1140 3904 1229 3984 ἀπέ-

129 4066 266 4135 χονται,
287 4030 495 4134 ἀκροδρύοις
521 4031 741 4135 ἀρκούμενοι,
770 4031 860 4132 μηδὲ
887 4029 977 4110 αύτά
1004 4038 1117 4109 ταῦτα
1142 4064 1228 4133 τρυ-

130 4163 274 4258 γῶντες,
308 4155 410 4237 ἀλλά
438 4155 484 4236 τὰ
512 4159 689 4239 πίπτοντα
720 4163 769 4244 εἰς
797 4155 863 4256 τήν
892 4162 962 4258 γῆν
989 4154 1231 4258 βαστάζοντες

292 4447 342 4503 91.
358 4428 428 4505 lag.
442 4432 473 4485 τὸ
485 4432 586 4500 μᾶλλον
598 4432 657 4500 πῦρ.
821 4444 869 4503 99.
883 4428 911 4481 ἐν
923 4431 954 4496 τῇ
967 4430 1001 4498 γῇ
1014 4425 1099 4482 Taur.
