2782 4972
121 306 164 365 24
565 301 781 366 ORIGENIS

838 459 1100 490 2552)

122 466 158 543 δέ
189 467 281 543 οὑτω
313 462 355 543 τὸ
390 465 467 543 καθ’
486 463 711 566 εἱμαρμένην,
745 467 776 541 οἱ
810 465 847 540 δε
879 496 937 539 και
969 497 1011 542 το
1042 479 1091 569 εφ
1131 464 1225 561 ἡμῖν.

122 589 274 669 ἀκοὺσια
306 590 349 666 δέ
377 597 493 696 φησιν
519 586 605 669 εἶναι
635 586 682 668 τά
713 587 964 691 ἀμαριήματα·
997 592 1047 672 είς
1078 586 1156 692 γὰρ
1185 587 1226 668 τό

122 713 324 794 κάλλιπον
342 722 415 794 τῶν
432 717 469 793 έν
487 716 570 813 ἡμῖν
589 716 676 818 ὑπερ
699 714 838 811 ε’στὶνὴ
861 711 979 821 φυχὺ,
1000 717 1065 794 οὑκ
1083 715 1131 794 ἅν
1149 749 1224 795 τινα

122 840 164 922 τὸ
196 840 306 921 κακὸν
337 839 624 947 παραδέξασθαι,
658 839 823 922 τουτέστι
854 838 921 939 τὴν
953 843 1105 920 ἀδικίαν·
1137 839 1224 921 κατά

123 969 271 1070 ἄγνοιαν
290 969 327 1048 δέ
346 973 404 1048 καὶ
423 967 583 1075 σφάλμα
607 978 671 1048 τοῦ
689 972 840 1070 ἀγαθοῦ,
861 964 1041 1066 οίομένονς
1059 966 1175 1047 καλόν
1191 979 1260 1047 τιόο

122 1103 245 1192 ποιεῖν,
265 1098 321 1176 ἐπὶ
340 1094 381 1176 τὸ
400 1095 511 1175 κακὸν
528 1096 706 1201 ἔρχεσθαι.
750 1099 822 1176 Καὶ
841 1092 942 1199 λέξις
959 1094 1089 1176 τοῦτον
1105 1097 1219 1202 ε’μφσ-

125 1222 278 1322 νεστάτη
310 1227 408 1302 ἐστὶν
430 1225 467 1301 ἐν
497 1231 542 1328 τῇ
574 1225 736 1328 πολιτείᾳ
761 1225 799 1301 έν
827 1220 851 1327 ᾗ
884 1230 1011 1329 φησιν·
1041 1221 1159 1304 πάλιν
1188 1223 1222 1302 δέ

123 1352 219 1456 αὐτῷ
247 1348 322 1449 ἅμα
349 1384 387 1430 τε
415 1347 533 1451 λέγειν
559 1354 607 1434 ὡς
635 1348 788 1455 αἰσχρόν
807 1351 865 1428 καὶ
883 1349 1046 1448 θεομισές
1064 1351 1087 1449 ἡ
1105 1352 1220 1429 κακία·

123 1483 201 1562 πῶς
220 1477 282 1554 οῦν
302 1477 346 1577 δή
365 1512 417 1561 τις
435 1476 476 1557 τὸ
494 1487 655 1557 τοιοῦτον
673 1476 782 1557 κακὸν
800 1479 921 1579 αι’ροῖτ’
940 1475 998 1570 ἀν,
1018 1474 1041 1575 ἢ
1061 1484 1137 1556 τῶν
1154 1477 1224 1558 ὅσα

124 1601 168 1700 δή
188 1608 278 1708 φατε
295 1611 369 1682 τῶν
384 1605 522 1702 ἡδονῶν
535 1639 544 1701 ;
577 1607 721 1685 Οῦκοῦν
734 1606 792 1682 καὶ
810 1613 917 1683 τοῦτο
929 1603 1115 1700 ἀκούσιον,
1130 1603 1224 1708 εἴπερ
1230 1632 1261 1706 ⁶5

123 1727 165 1808 τὸ
185 1734 284 1835 νικᾷν
302 1730 478 1829 ἑκούσιον,
500 1729 593 1811 ὥστε
619 1734 656 1811 ἐκ
681 1730 816 1817 παντὸς
843 1729 958 1833 λόγον
984 1729 1068 1833 τόγε
1096 1735 1225 1811 ἀδικεῖν

124 1854 295 1936 ἀκοὺσιον
306 1855 417 1960 λόγος
428 1864 525 1960 αἱρεῖ.
545 1860 776 1938 Ἀντιτίθεται
786 1855 824 1937 δέ
834 1893 888 1943 τις
897 1861 994 1964 αὑτῷ
1004 1855 1098 1961 πρὸς
1107 1867 1224 1939 τοῦτο’

125 1980 182 2061 διά
196 1985 233 2063 τί
250 1985 312 2062 οῦν
326 1983 550 2086 κολάζονται,
566 1990 594 2062 εί
608 1988 785 2069 ἀκουσίως
804 1980 1072 2087 ἁμαρτάνουσιν
1084 2018 1096 2081 3
1125 1984 1225 2065 Ὁδέ

124 2109 234 2212 λέγει,
255 2112 313 2190 ἵνα
336 2146 373 2191 τε
403 2110 509 2196 αὐτὸς
527 2112 580 2192 ὅτι
597 2111 753 2218 τάχιστα
781 2116 981 2216 ἀπαλλαγῇ
1009 2113 1147 2209 κακίας,
1168 2115 1226 2192 καί

123 2236 278 2317 κόλασιν
304 2237 459 2342 ὑπόσχῃ.
514 2237 569 2318 Τὸ
587 2237 659 2343 γάρ
677 2238 831 2319 κόλασιν
850 2241 1021 2343 ὑποσχεῖν
1047 2241 1090 2318 οὑ
1116 2237 1227 2320 κακὸν
1236 2279 1269 2337 70

123 2360 208 2440 εἶναι
238 2360 338 2440 ἀλλά
365 2361 515 2463 ἀγαθὸν,
536 2364 630 2469 εἴπερ
656 2363 783 2464 μέλλει
811 2363 985 2466 κάθαρσις
1011 2372 1085 2444 τῶν
1107 2374 1228 2445 κακῶν

124 2491 296 2590 γίνεσθαι·
328 2490 386 2566 καὶ
398 2489 456 2567 ἵνα
474 2491 563 2588 μηδὲ
580 2490 835 2595 ἁμαρτάνωσιν
849 2496 881 2570 οἱ
901 2493 1021 2571 λοιποὶ
1039 2492 1229 2577 ἀκούοντες

124 2615 317 2717 ἀνθρωττοι,
348 2613 450 2694 ἀλλά
480 2614 746 2723 φυλάσσοντα
776 2615 843 2716 τὴν
872 2616 1037 2716 τοιαὺιην
1064 2617 1224 2720 πλάνην.

127 2747 252 2822 Κακοῦ
269 2742 307 2823 δέ
325 2742 439 2850 φὺσιν
454 2747 531 2823 οὔτε
547 2741 616 2823 ὑπὸ
630 2750 711 2823 θεοῦ
729 2741 909 2844 γενέσθαι,
926 2747 1004 2825 οὔτε
1022 2745 1099 2823 καθ’
1115 2744 1229 2844 αὑτὴν

125 2869 329 2951 ὑπόστασιν
347 2872 449 2975 ἔχειν,
470 2868 571 2949 ἀλλά
596 2872 671 2948 κατ’
691 2872 898 2950 ἐναντίωσιν
917 2875 974 2949 καὶ
992 2872 1225 2975 παρσκολοὺ·
1238 2907 1272 2971 75

123 3004 231 3096 θησιν
249 3007 312 3076 τοῦ
341 3000 478 3098 ἀγαθοῦ
506 2995 685 3098 γενέσθω,
706 2994 729 3097 ἢ
753 2999 832 3076 καθ
854 2996 1060 3102 ὑπερβολὴν
1084 2996 1108 3097 ἢ
1137 2997 1231 3079 κατὰ

123 3126 283 3222 μείωσιν,
305 3128 353 3209 ὡς
369 3127 449 3227 περὶ
475 3132 547 3204 τῶν
575 3128 709 3228 ἀρετῶν
736 3126 960 3227 προείπομεν.
1011 3126 1059 3204 ‘O
1077 3123 1145 3224 μέν
1164 3127 1228 3205 οὖν

126 3249 298 3348 Πλάτων,
320 3250 437 3337 καθὼς
463 3253 688 3354 προείπομεν,
710 3249 930 3352 συναγαγὼν
954 3248 1001 3330 τά
1028 3253 1109 3354 τρία
1135 3249 1228 3355 μέρη

123 3381 187 3476 τῆς
205 3373 295 3456 κατά
312 3375 432 3458 πάντα
449 3378 688 3484 φιλοσοφίας,
709 3379 820 3461 οὑτως
837 3375 1125 3482 ἐφιλοσόφησεν.

484 3622 575 3685 Πιιινι
602 3623 862 3688 Ανιιτοτιιιιοοῑ.

178 3759 437 3862 Ἀριστοτέλης
460 3760 588 3841 τοὺτου
611 3759 796 3862 γενόμενος
819 3758 994 3865 ἀκροατὴς
1021 3766 1069 3847 είς
1096 3761 1227 3869 τέχνην
1235 3787 1274 3844 8ο

123 3883 188 3983 τὴν
212 3888 439 3993 φιλοσοφίαν
466 3888 614 3989 ἤγαγεν,
635 3891 694 3967 καὶ
711 3888 948 3992 λογικώτερος
964 3888 1112 3988 ἐγένετο.
1167 3890 1226 3971 Τὰ

123 4011 186 4110 μέν
204 4021 365 4119 στοιχεῖα
391 4021 464 4094 τῶν
481 4013 626 4096 πάντων
651 4016 864 4115 ὑποθέμενος
890 4016 1019 4096 οὐσίαν
1041 4019 1099 4094 καὶ
1126 4052 1223 4115 συμ-

123 4140 288 4239 βεβηκός·
320 4140 385 4242 τὴν
412 4143 476 4242 μὲν
505 4147 631 4226 οὐσίαν
655 4148 742 4245 μίαν
767 4143 832 4244 τὴν
850 4152 963 4225 πᾶσιν
983 4145 1224 4245 ὑποκειμένην,

206 4431 256 4505 67.
272 4435 338 4504 σίρεῖ
351 4432 386 4488 de
400 4431 474 4504 conj.
504 4430 650 4486 Edebatur
663 4431 723 4502 ε’ριῖ.
830 4432 875 4506 76.
889 4431 1044 4504 γενησεσθαι
1057 4429 1141 4488 Taur.
