2782 4972
45 1082 87 1167 98
102 1104 129 1145 r.

133 326 199 388 οων
572 319 791 386 omar->ms
1153 323 1278 411 ναι,-

236 488 263 559 εί
278 487 337 584 γδιρ
355 484 405 559 καί
422 486 450 557 έν
469 486 649 578 σφαδίνησιν
666 485 721 559 ῦτδ
737 488 924 586 τραπίδεσιν
940 490 1068 589 ε’ρείσας

237 603 388 696 εύμενέως,
405 610 566 703 καθαρῇσιν
583 603 755 686 έτοττεύεις
770 606 950 704 μελέτῃσιν,

237 728 337 791 ταῦτα
353 720 385 790 δέ
402 751 448 790 σοι
465 721 555 812 μάλα
570 720 669 790 αάντα
685 718 721 790 δι’
731 720 832 802 αι’ῦνος
849 723 1050 818 παρέσονται.

232 832 340 906 Ἀλλα
355 866 389 905 τε
406 832 494 905 πολλ’
507 831 566 905 ἀτδ
583 834 669 906 τθνδε
685 868 725 906 κτ
736 893 829 908 .....
849 837 932 909 αύτδι
947 837 1013 936 γὰρ
1029 838 1113 922 αύξει

238 949 323 1021 ταῦτ’
338 949 381 1029 είς
398 947 460 1028 έθος
477 947 613 1033 ἕκαστον,
631 949 687 1038 θτιη
705 951 801 1042 φύσις
818 947 903 1022 ἐστίν
919 953 1055 1050 ἓκάστρ.

240 1066 281 1136 Εί
297 1066 327 1136 δέ
347 1065 385 1136 σθ
401 1062 491 1135 τᾶλλ’
504 1065 567 1135 οίῶν
584 1063 727 1162 έτιρέξεις
742 1062 791 1136 οἷοι
807 1065 875 1136 κατ’
888 1066 1002 1163 ἀνδρας

237 1182 331 1279 μυρία
347 1182 425 1269 δῆλον
441 1181 580 1253 πέλονται
597 1180 665 1252 τάτ’
678 1182 869 1275 ἀμβλύνουσι
890 1184 1051 1282 μέριμναι,

241 1306 298 1384 σῆς
314 1294 398 1392 ἀφαρ
425 1295 596 1381 έκλείψονσι
616 1298 836 1392 τεριπλομένοιο
852 1296 982 1394 χρθνοιο,

241 1418 327 1502 σφῶν
343 1411 436 1482 αύτοῦν
453 1411 591 1482 ποθέοντα
607 1410 701 1502 φίλην
718 1407 766 1483 ε’τί
781 1413 869 1506 γέναν
886 1413 1020 1485 ἱκέσθαι.

240 1526 353 1595 Πάντα
368 1526 428 1623 γάρ
447 1523 505 1597 ίσθι
524 1525 665 1623 φρύνοσιν
682 1526 761 1623 ἔχειν
777 1525 828 1597 καί
845 1559 1093 1621 γνωματοσισον.

77 1705 130 1783 30
194 1661 362 1744 Ἐπειδὰν
397 1665 459 1743 οὖν
494 1665 668 1769 Μαρκίων
704 1662 727 1764 ἢ
759 1671 831 1744 τῶν
868 1666 1005 1745 ἐκείνου
1042 1673 1161 1747 κυνιῦυ
1189 1701 1266 1750 τιςιο

141 1795 278 1899 ῦλακτῇ
307 1789 397 1871 κατά
423 1800 486 1871 τοῦ
519 1794 745 1895 δημιουργοῦ,
774 1789 857 1876 τοὺς
883 1795 922 1871 ἐκ
949 1798 1019 1892 τῆς
1047 1796 1232 1897 ἀντιπαρα-

141 1919 271 2006 θέσεως
291 1922 428 2020 ἀγαθοῦ
447 1924 505 1996 καὶ
529 1927 642 1997 καλοῦ
664 1917 854 2024 προφέρων
877 1918 1031 2019 λύγους,
1053 1923 1110 1999 δεῖ
1130 1924 1235 2002 αὐτοῖς

142 2046 257 2148 λέγειν
295 2047 347 2126 ῦτι
379 2045 524 2129 τούτους
556 2048 635 2124 οὔτε
668 2050 819 2130 Παῦλος
850 2048 870 2123 ὁ
903 2046 1137 2144 ἀπόστολος,
1167 2049 1236 2127 οὔτε

143 2171 295 2275 Μάρκος
320 2176 340 2250 ὁ
367 2168 680 2265 κολοβοδάκπιλος
703 2168 933 2271 ἀνήγγειλαν.
997 2173 1152 2253 Τούτων
1175 2171 1236 2275 γὰρ

141 2296 241 2377 οὐδέν
264 2300 301 2375 ἐν
325 2302 376 2402 τῷ
394 2296 485 2376 κατά
505 2294 658 2400 Μάρκου
681 2298 877 2403 εὐαγγελίῳ
895 2296 1116 2401 γέγραπται·
1145 2298 1265 2387 ἀλλῦις

140 2426 388 2523 Ἐμπεδοκλῆς
427 2430 574 2508 Μιῶνος
603 2423 896 2527 Ἀκραγαντῖνος,
928 2422 971 2504 δν
1010 2432 1233 2527 συλαγωγῶν

139 2550 242 2656 μέχρι
268 2559 331 2630 νῦν
358 2549 546 2630 λανθάνειν
574 2548 802 2649 ὑπελάμβανε
825 2546 891 2648 τὴν
916 2550 1098 2654 διαταγὴυ
1124 2552 1231 2650 πάοης

140 2684 204 2779 τῆς
236 2680 311 2759 κατ’
341 2676 449 2759 αῦτδυ
485 2677 651 2781 αἱρέσεως
683 2676 754 2757 ἀπὸ
784 2681 848 2775 τῆς
881 2679 1051 2763 Σικελίας
1083 2685 1133 2764 εἷς
1161 2676 1230 2761 τοῦς

141 2804 391 2910 εὐαγγελικοῦς
415 2804 547 2906 λόγους
574 2803 780 2911 μεταφέρων
807 2805 929 2887 αὐταῖς
954 2801 1099 2907 λέξεσι.
1156 2804 1230 2908 Φέρε

141 2933 226 3034 γὰρ,
243 2931 272 3012 ὦ
289 2935 475 3036 Μαρκίων,
492 2928 650 3034 καθάπερ
668 2927 734 3028 τὴν
752 2928 1031 3033 ἀντιπαράθεσιυ
1048 2936 1257 3031 πεποίηκας’ο

140 3062 277 3159 ἀγαθοῦ
304 3062 362 3137 καὶ
387 3066 510 3154 κακοῦ,
532 3060 758 3159 ἀντιπαραθῶ
785 3054 884 3157 κάγὼ
902 3053 1066 3158 σήμερον
1088 3092 1226 3138 κατακο·

140 3189 282 3263 λονθιῦν
313 3191 386 3267 τοῖς
415 3189 506 3278 σοῖς,
537 3184 585 3266 ὡς
615 3179 892 3280 ῦπολαμβύινεις,
922 3179 1098 3282 δόγμασι.
1161 3192 1227 3281 Δη·

139 3309 311 3414 μιουργὸυ
347 3306 420 3416 φῂς
455 3305 541 3387 εἶναι
577 3316 640 3387 τοῦ
677 3306 816 3407 κόσμου
849 3306 1024 3410 πονηρόν·
1066 3305 1144 3389 εἶτα
1177 3310 1228 3388 οθιι

138 3435 345 3543 ἐγκαλύπη)
372 3432 455 3520 τοῦς
476 3434 758 3532 Ἐμπεδοκλέους
785 3431 917 3533 λόγους
947 3430 1016 3531 τὴν
1045 3436 1229 3534 ἐκκλησίαι

138 3570 325 3667 κατηχῶυ;
359 3559 519 3662 Ἀγαθὸν
543 3556 614 3665 φῂς
636 3555 722 3637 εἶναι
745 3557 826 3639 θεὸν
853 3559 1082 3640 καταλύοντα
1109 3560 1155 3641 τὰ
1176 3567 1256 3640 τοῦθ

178 3802 227 3858 99.
244 3782 284 3838 Hi
298 3802 395 3839 versus
410 3783 512 3839 desunt
526 3783 554 3838 in
569 3782 636 3840 edit.
747 3799 774 3851 4.
791 3781 868 3838 Fort.
883 3780 954 3850 ἦθος.

178 3863 214 3918 ib.
230 3862 285 3918 Pro
299 3866 339 3917 καὶ
352 3865 379 3917 ἐν
393 3863 459 3920 fort.
474 3864 531 3939 leg.
547 3886 595 3919 κεν.
750 3875 775 3936 7.
792 3861 863 3918 Cod.
877 3863 1081 3934 περιπλομένας.

178 3943 214 3998 ib.
231 3943 309 3998 Fort.
325 3944 498 4014 σφοδιινῇσιν,
509 3962 561 4018 pro
576 3943 663 4014 σφεα,
748 3941 775 3997 8.
790 3941 901 4016 Corrig.
912 3941 971 3997 sive
980 3943 1074 4013 γένναν
1086 3942 1147 4000 sive
1157 3946 1226 4015 μίαν.

136 4023 289 4079 velocibus.
747 4042 774 4098 9.
790 4022 866 4079 Fort.
880 4024 1011 4095 γνύματος
1026 4023 1117 4095 ἰσχύν.

182 4104 300 4160 1.F0rt.
317 4102 464 4171 τ’τοτιττύῃς.
751 4103 884 4176 15.Cod.
904 4103 963 4156 οὐδὲ
984 4103 1020 4158 ἐν.
1066 4103 1227 4160 Deam&

178 4203 205 4240 2.
221 4185 292 4241 Cod.
307 4186 403 4252 μῦλλα.
705 4184 733 4240 in
749 4183 812 4240 cod.

176 4281 204 4337 3.
223 4265 293 4340 Leg.
316 4264 473 4336 κατέρχεται.
516 4264 661 4321 Termina·
750 4264 795 4320 16.
810 4263 880 4335 Leg.
899 4262 1026 4321 Μέτωνος.
1064 4263 1113 4322 Cf.
1132 4263 1227 4321 Eudoc.

135 4342 221 4400 tionis
236 4344 356 4420 vestigia
369 4353 529 4418 supersunt.
705 4344 811 4400 Violar.
826 4362 855 4417 p.
866 4341 932 4416 169.

176 4423 213 4480 ib.
230 4426 308 4482 Fort.
324 4427 386 4495 ἥξει.
746 4442 793 4495 24.
810 4422 881 4480 cod.
897 4422 1087 4493 τ’γκατολῦπτη.
