<?xml version="1.0" encoding="UTF-8"?>
<!DOCTYPE html PUBLIC "-//W3C//DTD XHTML 1.0 Transitional//EN"
    "http://www.w3.org/TR/xhtml1/DTD/xhtml1-transitional.dtd">
<html xmlns="http://www.w3.org/1999/xhtml" xml:lang="en" lang="en">
 <head>
  <title>
</title>
<meta http-equiv="Content-Type" content="text/html;charset=utf-8" />
  <meta name='ocr-system' content='tesseract 3.04.00' />
  <meta name='ocr-capabilities' content='ocr_page ocr_carea ocr_par ocr_line ocrx_word'/>
</head>
<body>
  <div class='ocr_page' id='page_1' title='image "./origenisphiloso00origgoog_0235.png"; bbox 0 0 2782 4972; ppageno 0'>
   <div class='ocr_carea' id='block_1_1' title="bbox 185 291 1316 378">
    <p class='ocr_par' dir='ltr' id='par_1_1' title="bbox 185 291 1316 378">
     <span class='ocr_line' id='line_1_1' title="bbox 185 291 1316 378; baseline 0.001 -20"><span class='ocrx_word' id='word_1_1' title='bbox 185 294 249 358; x_wconf 80' lang='grc' dir='ltr'>οιο</span> <span class='ocrx_word' id='word_1_2' title='bbox 627 292 843 359; x_wconf 76' lang='grc' dir='ltr'>οιιιοιιιιιε</span> <span class='ocrx_word' id='word_1_3' title='bbox 1223 291 1316 378; x_wconf 58' lang='lat' dir='ltr'>ves»</span> 
     </span>
    </p>
   </div>
   <div class='ocr_carea' id='block_1_2' title="bbox 187 454 1285 558">
    <p class='ocr_par' dir='ltr' id='par_1_2' title="bbox 187 454 1285 558">
     <span class='ocr_line' id='line_1_2' title="bbox 187 454 1285 558; baseline -0.001 -23"><span class='ocrx_word' id='word_1_4' title='bbox 187 456 333 556; x_wconf 77' lang='grc' dir='ltr'>δύναμιν</span> <span class='ocrx_word' id='word_1_5' title='bbox 362 461 426 556; x_wconf 82' lang='grc' dir='ltr'>τῆς</span> <span class='ocrx_word' id='word_1_6' title='bbox 454 461 579 558; x_wconf 73' lang='grc' dir='ltr'>Σιγῆς,</span> <span class='ocrx_word' id='word_1_7' title='bbox 609 464 666 536; x_wconf 81' lang='grc' dir='ltr'>καὶ</span> <span class='ocrx_word' id='word_1_8' title='bbox 695 455 779 543; x_wconf 82' lang='grc' dir='ltr'>τοῦς</span> <span class='ocrx_word' id='word_1_9' title='bbox 805 454 969 542; x_wconf 79' lang='grc' dir='ltr'>ἅπαντας</span> <span class='ocrx_word' id='word_1_10' title='bbox 997 462 1159 543; x_wconf 81' lang='grc' dir='ltr'>Αίεῦνας.</span> <span class='ocrx_word' id='word_1_11' title='bbox 1221 459 1285 536; x_wconf 76' lang='grc' dir='ltr'>Καὶ</span> 
     </span>
    </p>
   </div>
   <div class='ocr_carea' id='block_1_3' title="bbox 185 578 1316 690">
    <p class='ocr_par' dir='ltr' id='par_1_3' title="bbox 185 578 1316 690">
     <span class='ocr_line' id='line_1_3' title="bbox 185 578 1316 690; baseline 0.002 -28"><span class='ocrx_word' id='word_1_12' title='bbox 185 592 312 663; x_wconf 91' lang='grc' dir='ltr'>τοῦτον</span> <span class='ocrx_word' id='word_1_13' title='bbox 339 578 426 662; x_wconf 82' lang='grc' dir='ltr'>εἶναι</span> <span class='ocrx_word' id='word_1_14' title='bbox 452 581 494 662; x_wconf 78' lang='grc' dir='ltr'>τὸ</span> <span class='ocrx_word' id='word_1_15' title='bbox 515 590 665 681; x_wconf 79' lang='grc' dir='ltr'>Πνεῦμα</span> <span class='ocrx_word' id='word_1_16' title='bbox 691 581 733 662; x_wconf 78' lang='grc' dir='ltr'>τὸ</span> <span class='ocrx_word' id='word_1_17' title='bbox 758 585 797 661; x_wconf 79' lang='grc' dir='ltr'>ἐν</span> <span class='ocrx_word' id='word_1_18' title='bbox 817 586 928 690; x_wconf 77' lang='grc' dir='ltr'>αὐτῷ,</span> <span class='ocrx_word' id='word_1_19' title='bbox 949 588 1135 690; x_wconf 75' lang='grc' dir='ltr'>φωνῆσαν</span> <span class='ocrx_word' id='word_1_20' title='bbox 1154 584 1214 663; x_wconf 77' lang='grc' dir='ltr'>διὰ</span> <span class='ocrx_word' id='word_1_21' title='bbox 1229 593 1316 667; x_wconf 71' lang='grc' dir='ltr'>τοῦςῦ</span> 
     </span>
    </p>
   </div>
   <div class='ocr_carea' id='block_1_4' title="bbox 119 706 1316 3205">
    <p class='ocr_par' dir='ltr' id='par_1_4' title="bbox 185 706 1285 809">
     <span class='ocr_line' id='line_1_4' title="bbox 185 706 1285 809; baseline 0.001 -20"><span class='ocrx_word' id='word_1_22' title='bbox 185 707 366 808; x_wconf 85' lang='grc' dir='ltr'>στόματος</span> <span class='ocrx_word' id='word_1_23' title='bbox 395 719 459 790; x_wconf 90' lang='grc' dir='ltr'>τοῦ</span> <span class='ocrx_word' id='word_1_24' title='bbox 489 714 579 806; x_wconf 81' lang='grc' dir='ltr'>υἱοῦ,</span> <span class='ocrx_word' id='word_1_25' title='bbox 609 706 652 788; x_wconf 84' lang='grc' dir='ltr'>τὸ</span> <span class='ocrx_word' id='word_1_26' title='bbox 684 712 922 809; x_wconf 83' lang='grc' dir='ltr'>ὁμολογῆσαν</span> <span class='ocrx_word' id='word_1_27' title='bbox 954 706 1086 788; x_wconf 74' lang='grc' dir='ltr'>ἑαυτὸν</span> <span class='ocrx_word' id='word_1_28' title='bbox 1119 709 1198 790; x_wconf 80' lang='grc' dir='ltr'>υἱδν</span> <span class='ocrx_word' id='word_1_29' title='bbox 1227 714 1285 789; x_wconf 80' lang='grc' dir='ltr'>ἀν·</span> 
     </span>
    </p>

    <p class='ocr_par' dir='ltr' id='par_1_5' title="bbox 184 832 1285 940">
     <span class='ocr_line' id='line_1_5' title="bbox 184 832 1285 940; baseline 0 -28"><span class='ocrx_word' id='word_1_30' title='bbox 184 833 342 936; x_wconf 79' lang='grc' dir='ltr'>θριῦπου,</span> <span class='ocrx_word' id='word_1_31' title='bbox 373 836 431 913; x_wconf 81' lang='grc' dir='ltr'>καὶ</span> <span class='ocrx_word' id='word_1_32' title='bbox 461 841 680 940; x_wconf 86' lang='grc' dir='ltr'>φανερῶσαν</span> <span class='ocrx_word' id='word_1_33' title='bbox 711 832 775 914; x_wconf 82' lang='grc' dir='ltr'>τὸν</span> <span class='ocrx_word' id='word_1_34' title='bbox 805 833 965 936; x_wconf 80' lang='grc' dir='ltr'>Πατέρα,</span> <span class='ocrx_word' id='word_1_35' title='bbox 995 833 1181 913; x_wconf 79' lang='grc' dir='ltr'>κατελθὸν</span> <span class='ocrx_word' id='word_1_36' title='bbox 1206 835 1285 932; x_wconf 74' lang='grc' dir='ltr'>μέν·</span> 
     </span>
    </p>

    <p class='ocr_par' dir='ltr' id='par_1_6' title="bbox 183 956 1286 1066">
     <span class='ocr_line' id='line_1_6' title="bbox 183 956 1286 1066; baseline -0.001 -27"><span class='ocrx_word' id='word_1_37' title='bbox 183 994 279 1061; x_wconf 87' lang='grc' dir='ltr'>τοιγε</span> <span class='ocrx_word' id='word_1_38' title='bbox 312 965 361 1044; x_wconf 78' lang='grc' dir='ltr'>εἰς</span> <span class='ocrx_word' id='word_1_39' title='bbox 392 956 455 1039; x_wconf 84' lang='grc' dir='ltr'>τῦν</span> <span class='ocrx_word' id='word_1_40' title='bbox 482 959 641 1058; x_wconf 86' lang='grc' dir='ltr'>Ἰησοῦν,</span> <span class='ocrx_word' id='word_1_41' title='bbox 672 961 833 1059; x_wconf 80' lang='grc' dir='ltr'>ἡνῶσθαι</span> <span class='ocrx_word' id='word_1_42' title='bbox 865 961 975 1066; x_wconf 78' lang='grc' dir='ltr'>αὐτῷ.</span> <span class='ocrx_word' id='word_1_43' title='bbox 1041 965 1201 1040; x_wconf 80' lang='grc' dir='ltr'>Καθεῐλε</span> <span class='ocrx_word' id='word_1_44' title='bbox 1229 959 1286 1059; x_wconf 68' lang='grc' dir='ltr'>μὲν</span> 
     </span>
    </p>

    <p class='ocr_par' dir='ltr' id='par_1_7' title="bbox 182 1083 1285 1193">
     <span class='ocr_line' id='line_1_7' title="bbox 182 1083 1285 1193; baseline 0.001 -27"><span class='ocrx_word' id='word_1_45' title='bbox 182 1085 247 1166; x_wconf 79' lang='grc' dir='ltr'>τὸν</span> <span class='ocrx_word' id='word_1_46' title='bbox 272 1085 440 1183; x_wconf 82' lang='grc' dir='ltr'>θάνατον,</span> <span class='ocrx_word' id='word_1_47' title='bbox 462 1090 590 1193; x_wconf 84' lang='grc' dir='ltr'>φασὶν,</span> <span class='ocrx_word' id='word_1_48' title='bbox 612 1090 632 1165; x_wconf 86' lang='grc' dir='ltr'><strong>ὁ</strong></span> <span class='ocrx_word' id='word_1_49' title='bbox 657 1083 702 1188; x_wconf 84' lang='grc' dir='ltr'>ἐξ</span> <span class='ocrx_word' id='word_1_50' title='bbox 726 1087 926 1184; x_wconf 61' lang='grc' dir='ltr'>οἱκονοιυίις</span> <span class='ocrx_word' id='word_1_51' title='bbox 950 1084 1100 1191; x_wconf 75' lang='grc' dir='ltr'>Σωιὴρ,</span> <span class='ocrx_word' id='word_1_52' title='bbox 1119 1086 1285 1190; x_wconf 73' lang='grc' dir='ltr'>ἐγνώρισε</span> 
     </span>
    </p>

    <p class='ocr_par' dir='ltr' id='par_1_8' title="bbox 183 1207 1316 1441">
     <span class='ocr_line' id='line_1_8' title="bbox 184 1207 1316 1314; baseline 0.001 -24"><span class='ocrx_word' id='word_1_53' title='bbox 184 1211 221 1290; x_wconf 75' lang='grc' dir='ltr'>δὲ</span> <span class='ocrx_word' id='word_1_54' title='bbox 239 1208 303 1291; x_wconf 79' lang='grc' dir='ltr'>τὸν</span> <span class='ocrx_word' id='word_1_55' title='bbox 318 1211 466 1314; x_wconf 76' lang='grc' dir='ltr'>Πατέρα</span> <span class='ocrx_word' id='word_1_56' title='bbox 480 1208 811 1314; x_wconf 84' lang='grc' dir='ltr'>ΧριοτδνἸησοῦν.</span> <span class='ocrx_word' id='word_1_57' title='bbox 848 1207 951 1291; x_wconf 81' lang='grc' dir='ltr'>Εἶναι</span> <span class='ocrx_word' id='word_1_58' title='bbox 970 1213 1038 1292; x_wconf 82' lang='grc' dir='ltr'>οῦν</span> <span class='ocrx_word' id='word_1_59' title='bbox 1056 1212 1316 1313; x_wconf 73' lang='grc' dir='ltr'>τδνἸησοῦν,9ς</span> 
     </span>
     <span class='ocr_line' id='line_1_9' title="bbox 183 1336 1283 1441; baseline 0.001 -25"><span class='ocrx_word' id='word_1_60' title='bbox 183 1338 296 1435; x_wconf 88' lang='grc' dir='ltr'>ὄνομα</span> <span class='ocrx_word' id='word_1_61' title='bbox 322 1336 386 1436; x_wconf 70' lang='grc' dir='ltr'>μὲν</span> <span class='ocrx_word' id='word_1_62' title='bbox 409 1347 473 1418; x_wconf 91' lang='grc' dir='ltr'>τοῦ</span> <span class='ocrx_word' id='word_1_63' title='bbox 499 1341 538 1417; x_wconf 81' lang='grc' dir='ltr'>ἐκ</span> <span class='ocrx_word' id='word_1_64' title='bbox 566 1341 629 1435; x_wconf 82' lang='grc' dir='ltr'>τῆς</span> <span class='ocrx_word' id='word_1_65' title='bbox 655 1338 855 1435; x_wconf 76' lang='grc' dir='ltr'>οἰκονομίας</span> <span class='ocrx_word' id='word_1_66' title='bbox 879 1336 1076 1440; x_wconf 71' lang='grc' dir='ltr'>ἀνθρώπου</span> <span class='ocrx_word' id='word_1_67' title='bbox 1104 1339 1217 1441; x_wconf 78' lang='grc' dir='ltr'>λέγει,</span> <span class='ocrx_word' id='word_1_68' title='bbox 1234 1373 1283 1417; x_wconf 87' lang='grc' dir='ltr'>τε·</span> 
     </span>
    </p>

    <p class='ocr_par' dir='ltr' id='par_1_9' title="bbox 183 1460 1285 1569">
     <span class='ocr_line' id='line_1_10' title="bbox 183 1460 1285 1569; baseline 0.006 -29"><span class='ocrx_word' id='word_1_69' title='bbox 183 1467 321 1541; x_wconf 84' lang='grc' dir='ltr'>θεῖσθαι</span> <span class='ocrx_word' id='word_1_70' title='bbox 347 1461 383 1539; x_wconf 77' lang='grc' dir='ltr'>δὲ</span> <span class='ocrx_word' id='word_1_71' title='bbox 404 1460 619 1565; x_wconf 83' lang='grc' dir='ltr'>ἐξομοίωσιν</span> <span class='ocrx_word' id='word_1_72' title='bbox 641 1469 698 1541; x_wconf 82' lang='grc' dir='ltr'>καὶ</span> <span class='ocrx_word' id='word_1_73' title='bbox 722 1460 915 1569; x_wconf 79' lang='grc' dir='ltr'>μόρφωσιν</span> <span class='ocrx_word' id='word_1_74' title='bbox 932 1471 997 1542; x_wconf 88' lang='grc' dir='ltr'>τοῦ</span> <span class='ocrx_word' id='word_1_75' title='bbox 1020 1463 1229 1562; x_wconf 79' lang='grc' dir='ltr'>μέλλοντος</span> <span class='ocrx_word' id='word_1_76' title='bbox 1244 1469 1285 1547; x_wconf 78' lang='grc' dir='ltr'>εἰς</span> 
     </span>
    </p>

    <p class='ocr_par' dir='ltr' id='par_1_10' title="bbox 184 1586 1284 1695">
     <span class='ocr_line' id='line_1_11' title="bbox 184 1586 1284 1695; baseline 0.005 -31"><span class='ocrx_word' id='word_1_77' title='bbox 184 1586 292 1666; x_wconf 83' lang='grc' dir='ltr'>αι’πδν</span> <span class='ocrx_word' id='word_1_78' title='bbox 314 1587 546 1694; x_wconf 73' lang='grc' dir='ltr'>κατέρχεσθαι</span> <span class='ocrx_word' id='word_1_79' title='bbox 563 1589 790 1691; x_wconf 81' lang='grc' dir='ltr'>Ἀνθρώπου,</span> <span class='ocrx_word' id='word_1_80' title='bbox 811 1588 852 1669; x_wconf 84' lang='grc' dir='ltr'>δν</span> <span class='ocrx_word' id='word_1_81' title='bbox 869 1590 1085 1692; x_wconf 86' lang='grc' dir='ltr'>χωρίσαντα</span> <span class='ocrx_word' id='word_1_82' title='bbox 1101 1591 1284 1695; x_wconf 72' lang='grc' dir='ltr'>ε’σηρμέναι</span> 
     </span>
    </p>

    <p class='ocr_par' dir='ltr' id='par_1_11' title="bbox 184 1710 1283 1819">
     <span class='ocr_line' id='line_1_12' title="bbox 184 1710 1283 1819; baseline 0.003 -28"><span class='ocrx_word' id='word_1_83' title='bbox 184 1712 301 1794; x_wconf 84' lang='grc' dir='ltr'>αι’πόν.</span> <span class='ocrx_word' id='word_1_84' title='bbox 340 1713 459 1793; x_wconf 83' lang='grc' dir='ltr'>Αῦτόν</span> <span class='ocrx_word' id='word_1_85' title='bbox 473 1749 510 1792; x_wconf 87' lang='grc' dir='ltr'>τε</span> <span class='ocrx_word' id='word_1_86' title='bbox 528 1710 614 1793; x_wconf 80' lang='grc' dir='ltr'>εἶναι</span> <span class='ocrx_word' id='word_1_87' title='bbox 632 1712 696 1795; x_wconf 81' lang='grc' dir='ltr'>τὸν</span> <span class='ocrx_word' id='word_1_88' title='bbox 702 1714 931 1819; x_wconf 80' lang='grc' dir='ltr'>Ἀνθρωπον,</span> <span class='ocrx_word' id='word_1_89' title='bbox 945 1713 1061 1794; x_wconf 84' lang='grc' dir='ltr'>αῦτδν</span> <span class='ocrx_word' id='word_1_90' title='bbox 1076 1713 1145 1797; x_wconf 81' lang='grc' dir='ltr'>τδν</span> <span class='ocrx_word' id='word_1_91' title='bbox 1159 1715 1283 1817; x_wconf 74' lang='grc' dir='ltr'>Λόγον,</span> 
     </span>
    </p>

    <p class='ocr_par' dir='ltr' id='par_1_12' title="bbox 183 1836 1300 2067">
     <span class='ocr_line' id='line_1_13' title="bbox 184 1836 1300 1950; baseline -0.002 -32"><span class='ocrx_word' id='word_1_92' title='bbox 184 1836 292 1919; x_wconf 84' lang='grc' dir='ltr'>αῦτδν</span> <span class='ocrx_word' id='word_1_93' title='bbox 309 1838 373 1921; x_wconf 79' lang='grc' dir='ltr'>τὸν</span> <span class='ocrx_word' id='word_1_94' title='bbox 394 1840 539 1943; x_wconf 81' lang='grc' dir='ltr'>Πατέρα</span> <span class='ocrx_word' id='word_1_95' title='bbox 563 1845 622 1919; x_wconf 81' lang='grc' dir='ltr'>καὶ</span> <span class='ocrx_word' id='word_1_96' title='bbox 643 1838 752 1950; x_wconf 78' lang='grc' dir='ltr'>[τὸν]</span> <span class='ocrx_word' id='word_1_97' title='bbox 767 1838 968 1944; x_wconf 81' lang='grc' dir='ltr'>Ἀρρητον,</span> <span class='ocrx_word' id='word_1_98' title='bbox 987 1845 1052 1920; x_wconf 82' lang='grc' dir='ltr'>καὶ</span> <span class='ocrx_word' id='word_1_99' title='bbox 1080 1839 1151 1940; x_wconf 75' lang='grc' dir='ltr'>τὴν</span> <span class='ocrx_word' id='word_1_100' title='bbox 1180 1839 1300 1943; x_wconf 68' lang='grc' dir='ltr'>Σιγῗμι</span> 
     </span>
     <span class='ocr_line' id='line_1_14' title="bbox 183 1965 1094 2067; baseline 0.001 -22"><span class='ocrx_word' id='word_1_101' title='bbox 183 1970 241 2045; x_wconf 74' lang='grc' dir='ltr'>καὶ</span> <span class='ocrx_word' id='word_1_102' title='bbox 259 1966 324 2066; x_wconf 78' lang='grc' dir='ltr'>τὴν</span> <span class='ocrx_word' id='word_1_103' title='bbox 342 1965 549 2066; x_wconf 80' lang='grc' dir='ltr'>Ἀλήθειαν,</span> <span class='ocrx_word' id='word_1_104' title='bbox 571 1969 630 2045; x_wconf 79' lang='grc' dir='ltr'>καὶ</span> <span class='ocrx_word' id='word_1_105' title='bbox 647 1968 873 2066; x_wconf 85' lang='grc' dir='ltr'>Ἐκκλησίαν</span> <span class='ocrx_word' id='word_1_106' title='bbox 891 1971 950 2046; x_wconf 85' lang='grc' dir='ltr'>καὶ</span> <span class='ocrx_word' id='word_1_107' title='bbox 970 1967 1094 2067; x_wconf 80' lang='grc' dir='ltr'>Ζωήν.</span> 
     </span>
    </p>

    <p class='ocr_par' dir='ltr' id='par_1_13' title="bbox 119 2090 1296 3205">
     <span class='ocr_line' id='line_1_15' title="bbox 119 2090 1280 2196; baseline 0.005 -25"><span class='ocrx_word' id='word_1_108' title='bbox 119 2110 143 2189; x_wconf 85' lang='grc'><em>5</em></span> <span class='ocrx_word' id='word_1_109' title='bbox 149 2115 171 2170; x_wconf 79' lang='lat'>2</span> <span class='ocrx_word' id='word_1_110' title='bbox 238 2099 363 2172; x_wconf 87' lang='grc' dir='ltr'>Ταῦτα</span> <span class='ocrx_word' id='word_1_111' title='bbox 392 2090 457 2191; x_wconf 71' lang='grc' dir='ltr'>μὲν</span> <span class='ocrx_word' id='word_1_112' title='bbox 489 2094 551 2172; x_wconf 80' lang='grc' dir='ltr'>οὖν</span> <span class='ocrx_word' id='word_1_113' title='bbox 582 2093 750 2196; x_wconf 76' lang='grc' dir='ltr'>πρόδηλα</span> <span class='ocrx_word' id='word_1_114' title='bbox 780 2090 866 2172; x_wconf 80' lang='grc' dir='ltr'>εἶναι</span> <span class='ocrx_word' id='word_1_115' title='bbox 897 2100 1013 2173; x_wconf 83' lang='grc' dir='ltr'>πᾶσιν</span> <span class='ocrx_word' id='word_1_116' title='bbox 1046 2092 1186 2195; x_wconf 77' lang='grc' dir='ltr'>ἐλπίζω</span> <span class='ocrx_word' id='word_1_117' title='bbox 1216 2101 1280 2177; x_wconf 86' lang='grc' dir='ltr'>τοῖς</span> 
     </span>
     <span class='ocr_line' id='line_1_16' title="bbox 181 2219 1278 2324; baseline 0.002 -27"><span class='ocrx_word' id='word_1_118' title='bbox 181 2222 385 2319; x_wconf 70' lang='grc' dir='ltr'>ὑγιαίνοντα</span> <span class='ocrx_word' id='word_1_119' title='bbox 413 2228 497 2298; x_wconf 91' lang='grc' dir='ltr'>νοῦν</span> <span class='ocrx_word' id='word_1_120' title='bbox 524 2219 757 2319; x_wconf 69' lang='grc' dir='ltr'>κεκτημένοις,</span> <span class='ocrx_word' id='word_1_121' title='bbox 788 2222 874 2300; x_wconf 87' lang='grc' dir='ltr'>ὄντα</span> <span class='ocrx_word' id='word_1_122' title='bbox 901 2220 1030 2324; x_wconf 81' lang='grc' dir='ltr'>ἄκυρα,</span> <span class='ocrx_word' id='word_1_123' title='bbox 1059 2223 1120 2299; x_wconf 83' lang='grc' dir='ltr'>καὶ</span> <span class='ocrx_word' id='word_1_124' title='bbox 1147 2219 1278 2323; x_wconf 74' lang='grc' dir='ltr'>μακρὰν</span> 
     </span>
     <span class='ocr_line' id='line_1_17' title="bbox 179 2342 1291 2449; baseline 0.003 -22"><span class='ocrx_word' id='word_1_125' title='bbox 179 2348 243 2442; x_wconf 78' lang='grc' dir='ltr'>τῆς</span> <span class='ocrx_word' id='word_1_126' title='bbox 264 2342 354 2422; x_wconf 80' lang='grc' dir='ltr'>κατὰ</span> <span class='ocrx_word' id='word_1_127' title='bbox 379 2345 582 2440; x_wconf 79' lang='grc' dir='ltr'>θεοσέβειαν</span> <span class='ocrx_word' id='word_1_128' title='bbox 600 2345 781 2447; x_wconf 77' lang='grc' dir='ltr'>γνώσεως,</span> <span class='ocrx_word' id='word_1_129' title='bbox 801 2347 888 2426; x_wconf 86' lang='grc' dir='ltr'>ὄντα</span> <span class='ocrx_word' id='word_1_130' title='bbox 904 2345 995 2448; x_wconf 83' lang='grc' dir='ltr'>με’ρη</span> <span class='ocrx_word' id='word_1_131' title='bbox 1014 2349 1291 2449; x_wconf 78' lang='grc' dir='ltr'>ἀστρολογικῆς5</span> 
     </span>
     <span class='ocr_line' id='line_1_18' title="bbox 179 2467 1271 2575; baseline 0.002 -29"><span class='ocrx_word' id='word_1_132' title='bbox 179 2467 405 2575; x_wconf 77' lang='grc' dir='ltr'>ἐφευρέσεως,</span> <span class='ocrx_word' id='word_1_133' title='bbox 437 2476 495 2550; x_wconf 83' lang='grc' dir='ltr'>καὶ</span> <span class='ocrx_word' id='word_1_134' title='bbox 532 2475 761 2574; x_wconf 79' lang='grc' dir='ltr'>ἀριθμητικῆς</span> <span class='ocrx_word' id='word_1_135' title='bbox 799 2472 1062 2574; x_wconf 87' lang='grc' dir='ltr'>Πυθαγορείου,</span> <span class='ocrx_word' id='word_1_136' title='bbox 1097 2472 1215 2557; x_wconf 76' lang='grc' dir='ltr'>καθὼς</span> <span class='ocrx_word' id='word_1_137' title='bbox 1247 2475 1271 2548; x_wconf 82' lang='grc' dir='ltr'>οί</span> 
     </span>
     <span class='ocr_line' id='line_1_19' title="bbox 180 2595 1269 2701; baseline 0.002 -29"><span class='ocrx_word' id='word_1_138' title='bbox 180 2600 392 2701; x_wconf 75' lang='grc' dir='ltr'>φιλομαθεῖς</span> <span class='ocrx_word' id='word_1_139' title='bbox 417 2595 568 2694; x_wconf 80' lang='grc' dir='ltr'>εἴσεσθε,</span> <span class='ocrx_word' id='word_1_140' title='bbox 589 2599 626 2674; x_wconf 84' lang='grc' dir='ltr'>ἐν</span> <span class='ocrx_word' id='word_1_141' title='bbox 654 2603 727 2681; x_wconf 87' lang='grc' dir='ltr'>τοῖς</span> <span class='ocrx_word' id='word_1_142' title='bbox 751 2603 1090 2700; x_wconf 81' lang='grc' dir='ltr'>προμεριμνηθεῖσιν</span> <span class='ocrx_word' id='word_1_143' title='bbox 1114 2599 1200 2696; x_wconf 82' lang='grc' dir='ltr'>ἡμῖν</span> <span class='ocrx_word' id='word_1_144' title='bbox 1223 2600 1269 2675; x_wconf 82' lang='grc' dir='ltr'>ἐκ·</span> 
     </span>
     <span class='ocr_line' id='line_1_20' title="bbox 180 2720 1269 2831; baseline -0.001 -32"><span class='ocrx_word' id='word_1_145' title='bbox 180 2721 346 2820; x_wconf 77' lang='grc' dir='ltr'>κειμένων</span> <span class='ocrx_word' id='word_1_146' title='bbox 373 2721 509 2802; x_wconf 83' lang='grc' dir='ltr'>τούτων</span> <span class='ocrx_word' id='word_1_147' title='bbox 534 2730 606 2802; x_wconf 83' lang='grc' dir='ltr'>τῶν</span> <span class='ocrx_word' id='word_1_148' title='bbox 633 2720 834 2824; x_wconf 78' lang='grc' dir='ltr'>δογμάτων.</span> <span class='ocrx_word' id='word_1_149' title='bbox 886 2720 1027 2803; x_wconf 85' lang='grc' dir='ltr'>Ἵναδὲ</span> <span class='ocrx_word' id='word_1_150' title='bbox 1053 2724 1269 2831; x_wconf 75' lang='grc' dir='ltr'>σαφέστερον</span> 
     </span>
     <span class='ocr_line' id='line_1_21' title="bbox 179 2846 1266 2952; baseline 0.003 -26"><span class='ocrx_word' id='word_1_151' title='bbox 179 2847 326 2930; x_wconf 77' lang='grc' dir='ltr'>τούτους</span> <span class='ocrx_word' id='word_1_152' title='bbox 343 2847 568 2952; x_wconf 79' lang='grc' dir='ltr'>ἐπιδείξωμεν</span> <span class='ocrx_word' id='word_1_153' title='bbox 590 2850 632 2926; x_wconf 86' lang='grc' dir='ltr'>οῦ</span> <span class='ocrx_word' id='word_1_154' title='bbox 654 2853 819 2950; x_wconf 85' lang='grc' dir='ltr'>Χριστοῦ</span> <span class='ocrx_word' id='word_1_155' title='bbox 836 2846 1009 2947; x_wconf 71' lang='grc' dir='ltr'>μυθιγδις,</span> <span class='ocrx_word' id='word_1_156' title='bbox 1031 2848 1138 2927; x_wconf 78' lang='grc' dir='ltr'>ἀλλὰ</span> <span class='ocrx_word' id='word_1_157' title='bbox 1158 2854 1266 2929; x_wconf 81' lang='grc' dir='ltr'>Πυθο-</span> 
     </span>
     <span class='ocr_line' id='line_1_22' title="bbox 179 2972 1296 3076; baseline 0.002 -25"><span class='ocrx_word' id='word_1_158' title='bbox 179 2972 302 3074; x_wconf 86' lang='grc' dir='ltr'>γόρου,</span> <span class='ocrx_word' id='word_1_159' title='bbox 324 2977 381 3052; x_wconf 81' lang='grc' dir='ltr'>καὶ</span> <span class='ocrx_word' id='word_1_160' title='bbox 399 2981 471 3053; x_wconf 82' lang='grc' dir='ltr'>τῶν</span> <span class='ocrx_word' id='word_1_161' title='bbox 488 2976 568 3076; x_wconf 81' lang='grc' dir='ltr'>περὶ</span> <span class='ocrx_word' id='word_1_162' title='bbox 592 2972 639 3053; x_wconf 78' lang='grc' dir='ltr'>τὰ</span> <span class='ocrx_word' id='word_1_163' title='bbox 661 2973 816 3076; x_wconf 78' lang='grc' dir='ltr'>μετέωρα</span> <span class='ocrx_word' id='word_1_164' title='bbox 834 2980 907 3053; x_wconf 83' lang='grc' dir='ltr'>τῶν</span> <span class='ocrx_word' id='word_1_165' title='bbox 924 2973 1074 3075; x_wconf 84' lang='grc' dir='ltr'>οἴστρων</span> <span class='ocrx_word' id='word_1_166' title='bbox 1093 2977 1149 3054; x_wconf 86' lang='grc' dir='ltr'>ἀπ</span> <span class='ocrx_word' id='word_1_167' title='bbox 1162 3033 1264 3053; x_wconf 79' lang='grc'><strong>.....</strong></span> <span class='ocrx_word' id='word_1_168' title='bbox 1274 2997 1296 3036; x_wconf 83' lang='lat'>¹⁰</span> 
     </span>
     <span class='ocr_line' id='line_1_23' title="bbox 179 3097 1266 3205; baseline 0.002 -29"><span class='ocrx_word' id='word_1_169' title='bbox 179 3098 342 3197; x_wconf 74' lang='grc' dir='ltr'>λημένων</span> <span class='ocrx_word' id='word_1_170' title='bbox 355 3099 428 3179; x_wconf 80' lang='grc' dir='ltr'>ὅσα</span> <span class='ocrx_word' id='word_1_171' title='bbox 440 3102 588 3205; x_wconf 75' lang='grc' dir='ltr'>ἐπιτομῇ</span> <span class='ocrx_word' id='word_1_172' title='bbox 603 3097 754 3179; x_wconf 80' lang='grc' dir='ltr'>δυνατὸν</span> <span class='ocrx_word' id='word_1_173' title='bbox 766 3100 866 3180; x_wconf 79' lang='grc' dir='ltr'>ἔστιν</span> <span class='ocrx_word' id='word_1_174' title='bbox 879 3098 1089 3200; x_wconf 71' lang='grc' dir='ltr'>ἐκθησομαι.</span> <span class='ocrx_word' id='word_1_175' title='bbox 1123 3100 1266 3201; x_wconf 72' lang='grc' dir='ltr'>Λέγουσι</span> 
     </span>
    </p>
   </div>
   <div class='ocr_carea' id='block_1_5' title="bbox 178 3259 1265 3890">
    <p class='ocr_par' dir='ltr' id='par_1_14' title="bbox 178 3259 1265 3890">
     <span class='ocr_line' id='line_1_24' title="bbox 222 3259 1265 3338; baseline 0.001 -21"><span class='ocrx_word' id='word_1_176' title='bbox 222 3262 269 3334; x_wconf 89' lang='lat'>89.</span> <span class='ocrx_word' id='word_1_177' title='bbox 286 3263 337 3319; x_wconf 82' lang='lat' dir='ltr'>Ed</span> <span class='ocrx_word' id='word_1_178' title='bbox 352 3265 392 3317; x_wconf 81' lang='grc' dir='ltr'>καὶ</span> <span class='ocrx_word' id='word_1_179' title='bbox 405 3263 472 3318; x_wconf 81' lang='grc' dir='ltr'>τοῦτ’</span> <span class='ocrx_word' id='word_1_180' title='bbox 487 3260 547 3318; x_wconf 72' lang='grc' dir='ltr'>εἶναι</span> <span class='ocrx_word' id='word_1_181' title='bbox 561 3265 591 3318; x_wconf 76' lang='grc' dir='ltr'>τὸ</span> <span class='ocrx_word' id='word_1_182' title='bbox 605 3267 707 3332; x_wconf 79' lang='grc' dir='ltr'>Πνεῦμα</span> <span class='ocrx_word' id='word_1_183' title='bbox 788 3261 837 3338; x_wconf 85' lang='grc'>98.</span> <span class='ocrx_word' id='word_1_184' title='bbox 863 3259 911 3318; x_wconf 88' lang='lat' dir='ltr'>Sic</span> <span class='ocrx_word' id='word_1_185' title='bbox 935 3267 1012 3318; x_wconf 82' lang='lat' dir='ltr'>recte</span> <span class='ocrx_word' id='word_1_186' title='bbox 1036 3264 1167 3320; x_wconf 80' lang='lat' dir='ltr'>correxit</span> <span class='ocrx_word' id='word_1_187' title='bbox 1190 3264 1265 3321; x_wconf 80' lang='lat' dir='ltr'>editor</span> 
     </span>
     <span class='ocr_line' id='line_1_25' title="bbox 178 3344 866 3416; baseline 0.003 -20"><span class='ocrx_word' id='word_1_188' title='bbox 178 3345 208 3396; x_wconf 83' lang='grc' dir='ltr'>τὸ</span> <span class='ocrx_word' id='word_1_189' title='bbox 221 3345 340 3413; x_wconf 76' lang='grc' dir='ltr'>λαλῆσαν</span> <span class='ocrx_word' id='word_1_190' title='bbox 353 3345 394 3398; x_wconf 79' lang='grc' dir='ltr'>διὰ</span> <span class='ocrx_word' id='word_1_191' title='bbox 407 3347 452 3398; x_wconf 89' lang='grc' dir='ltr'>τοῦ</span> <span class='ocrx_word' id='word_1_192' title='bbox 461 3344 557 3413; x_wconf 84' lang='grc' dir='ltr'>Ἰησοῦ,</span> <span class='ocrx_word' id='word_1_193' title='bbox 565 3345 596 3397; x_wconf 88' lang='grc' dir='ltr'>τδ</span> <span class='ocrx_word' id='word_1_194' title='bbox 610 3346 703 3412; x_wconf 81' lang='grc' dir='ltr'>δμολο·</span> <span class='ocrx_word' id='word_1_195' title='bbox 747 3361 799 3416; x_wconf 85' lang='lat' dir='ltr'>pro</span> <span class='ocrx_word' id='word_1_196' title='bbox 813 3347 866 3398; x_wconf 86' lang='grc' dir='ltr'>τόν.</span> 
     </span>
     <span class='ocr_line' id='line_1_26' title="bbox 178 3421 1263 3495; baseline 0.003 -17"><span class='ocrx_word' id='word_1_197' title='bbox 178 3426 270 3495; x_wconf 79' lang='grc' dir='ltr'>γῆσαν.</span> <span class='ocrx_word' id='word_1_198' title='bbox 306 3422 432 3480; x_wconf 56' lang='lat' dir='ltr'><strong>Annon:</strong></span> <span class='ocrx_word' id='word_1_199' title='bbox 455 3422 565 3479; x_wconf 80' lang='lat' dir='ltr'>“Adde</span> <span class='ocrx_word' id='word_1_200' title='bbox 579 3425 706 3493; x_wconf 82' lang='grc' dir='ltr'>στόματος</span> <span class='ocrx_word' id='word_1_201' title='bbox 787 3423 825 3480; x_wconf 87' lang='lat' dir='ltr'>ib.</span> <span class='ocrx_word' id='word_1_202' title='bbox 849 3421 903 3478; x_wconf 82' lang='lat' dir='ltr'>Ed.</span> <span class='ocrx_word' id='word_1_203' title='bbox 922 3422 1079 3494; x_wconf 74' lang='grc' dir='ltr'>χωρήσαντα</span> <span class='ocrx_word' id='word_1_204' title='bbox 1099 3426 1186 3493; x_wconf 74' lang='grc' dir='ltr'>αὐτὸν,</span> <span class='ocrx_word' id='word_1_205' title='bbox 1200 3426 1263 3494; x_wconf 63' lang='lat' dir='ltr'>dm</span> 
     </span>
     <span class='ocr_line' id='line_1_27' title="bbox 179 3503 1265 3578; baseline 0.001 -20"><span class='ocrx_word' id='word_1_206' title='bbox 179 3521 215 3558; x_wconf 88' lang='lat' dir='ltr'>ex</span> <span class='ocrx_word' id='word_1_207' title='bbox 230 3504 307 3560; x_wconf 88' lang='lat' dir='ltr'>vet.”</span> <span class='ocrx_word' id='word_1_208' title='bbox 746 3505 812 3558; x_wconf 81' lang='grc' dir='ltr'>κέναι</span> <span class='ocrx_word' id='word_1_209' title='bbox 827 3503 880 3576; x_wconf 79' lang='grc' dir='ltr'>(δὲ)</span> <span class='ocrx_word' id='word_1_210' title='bbox 895 3504 972 3557; x_wconf 76' lang='grc' dir='ltr'>αὐτόν</span> <span class='ocrx_word' id='word_1_211' title='bbox 984 3525 1012 3558; x_wconf 82' lang='grc' dir='ltr'>τι</span> <span class='ocrx_word' id='word_1_212' title='bbox 1030 3503 1190 3578; x_wconf 74' lang='grc' dir='ltr'>τὸνἋνθρ..</span> <span class='ocrx_word' id='word_1_213' title='bbox 1203 3506 1265 3559; x_wconf 64' lang='grc' dir='ltr'>οὖτά</span> 
     </span>
     <span class='ocr_line' id='line_1_28' title="bbox 219 3581 1225 3656; baseline 0.002 -18"><span class='ocrx_word' id='word_1_214' title='bbox 219 3601 269 3655; x_wconf 90' lang='lat'>90.</span> <span class='ocrx_word' id='word_1_215' title='bbox 285 3581 357 3638; x_wconf 85' lang='lat' dir='ltr'>Cod.</span> <span class='ocrx_word' id='word_1_216' title='bbox 368 3584 472 3653; x_wconf 77' lang='grc' dir='ltr'>ἔφασαν</span> <span class='ocrx_word' id='word_1_217' title='bbox 484 3600 536 3656; x_wconf 88' lang='lat' dir='ltr'>pro</span> <span class='ocrx_word' id='word_1_218' title='bbox 551 3585 685 3654; x_wconf 76' lang='grc' dir='ltr'>φωνῆσαν.</span> <span class='ocrx_word' id='word_1_219' title='bbox 745 3606 774 3638; x_wconf 82' lang='grc' dir='ltr'>τε</span> <span class='ocrx_word' id='word_1_220' title='bbox 787 3586 832 3638; x_wconf 88' lang='grc' dir='ltr'>τδν</span> <span class='ocrx_word' id='word_1_221' title='bbox 845 3594 886 3649; x_wconf 80' lang='lat' dir='ltr'>A„</span> <span class='ocrx_word' id='word_1_222' title='bbox 900 3584 940 3636; x_wconf 73' lang='grc' dir='ltr'>καλ</span> <span class='ocrx_word' id='word_1_223' title='bbox 953 3585 1000 3638; x_wconf 77' lang='grc' dir='ltr'>τὸν</span> <span class='ocrx_word' id='word_1_224' title='bbox 1012 3591 1058 3647; x_wconf 90' lang='grc' dir='ltr'>Π.,</span> <span class='ocrx_word' id='word_1_225' title='bbox 1072 3587 1114 3640; x_wconf 69' lang='grc' dir='ltr'>καὶ</span> <span class='ocrx_word' id='word_1_226' title='bbox 1131 3585 1225 3641; x_wconf 74' lang='grc' dir='ltr'>τδνἈ.</span> 
     </span>
     <span class='ocr_line' id='line_1_29' title="bbox 219 3660 1002 3734; baseline 0.001 -18"><span class='ocrx_word' id='word_1_227' title='bbox 219 3661 544 3734; x_wconf 75' lang='grc' dir='ltr'>9ο.Ε(1.φανερώσοντα.</span> <span class='ocrx_word' id='word_1_228' title='bbox 577 3660 703 3718; x_wconf 84' lang='lat' dir='ltr'><strong>Annot.:</strong></span> <span class='ocrx_word' id='word_1_229' title='bbox 790 3681 816 3719; x_wconf 90' lang='lat'>1.</span> <span class='ocrx_word' id='word_1_230' title='bbox 832 3662 936 3719; x_wconf 81' lang='lat' dir='ltr'>Addidi</span> <span class='ocrx_word' id='word_1_231' title='bbox 948 3666 1002 3718; x_wconf 84' lang='grc' dir='ltr'>τόν.</span> 
     </span>
     <span class='ocr_line' id='line_1_30' title="bbox 179 3740 1263 3816; baseline 0.007 -21"><span class='ocrx_word' id='word_1_232' title='bbox 179 3740 251 3796; x_wconf 83' lang='lat' dir='ltr'>“Ex</span> <span class='ocrx_word' id='word_1_233' title='bbox 265 3750 321 3797; x_wconf 84' lang='lat' dir='ltr'>vet.</span> <span class='ocrx_word' id='word_1_234' title='bbox 335 3740 400 3814; x_wconf 86' lang='lat' dir='ltr'>lege</span> <span class='ocrx_word' id='word_1_235' title='bbox 413 3742 597 3813; x_wconf 79' lang='grc' dir='ltr'>φανερῶσαν.”</span> <span class='ocrx_word' id='word_1_236' title='bbox 789 3762 816 3799; x_wconf 84' lang='grc' dir='ltr'>ο.</span> <span class='ocrx_word' id='word_1_237' title='bbox 837 3742 909 3810; x_wconf 77' lang='lat' dir='ltr'>Quae</span> <span class='ocrx_word' id='word_1_238' title='bbox 926 3742 1060 3816; x_wconf 76' lang='lat' dir='ltr'>deinceps</span> <span class='ocrx_word' id='word_1_239' title='bbox 1079 3744 1168 3802; x_wconf 80' lang='lat' dir='ltr'>habet</span> <span class='ocrx_word' id='word_1_240' title='bbox 1181 3744 1263 3802; x_wconf 76' lang='lat' dir='ltr'>editio.</span> 
     </span>
     <span class='ocr_line' id='line_1_31' title="bbox 217 3819 1011 3890; baseline 0.005 -15"><span class='ocrx_word' id='word_1_241' title='bbox 217 3820 255 3877; x_wconf 83' lang='lat' dir='ltr'>ib.</span> <span class='ocrx_word' id='word_1_242' title='bbox 271 3819 324 3876; x_wconf 81' lang='lat' dir='ltr'>Ed.</span> <span class='ocrx_word' id='word_1_243' title='bbox 339 3821 385 3890; x_wconf 69' lang='grc' dir='ltr'>μὲν</span> <span class='ocrx_word' id='word_1_244' title='bbox 397 3822 433 3878; x_wconf 80' lang='grc' dir='ltr'>εἶς</span> <span class='ocrx_word' id='word_1_245' title='bbox 445 3825 497 3877; x_wconf 89' lang='grc' dir='ltr'>τόν.</span> <span class='ocrx_word' id='word_1_246' title='bbox 747 3825 849 3881; x_wconf 80' lang='lat' dir='ltr'>desunt</span> <span class='ocrx_word' id='word_1_247' title='bbox 862 3824 891 3879; x_wconf 83' lang='lat' dir='ltr'>in</span> <span class='ocrx_word' id='word_1_248' title='bbox 904 3822 1011 3879; x_wconf 80' lang='lat' dir='ltr'>codice.</span> 
     </span>
    </p>
   </div>
   <div class='ocr_carea' id='block_1_6' title="bbox 176 3900 1263 4457">
    <p class='ocr_par' dir='ltr' id='par_1_15' title="bbox 176 3900 1263 4457">
     <span class='ocr_line' id='line_1_32' title="bbox 217 3900 1188 3979; baseline 0.003 -22"><span class='ocrx_word' id='word_1_249' title='bbox 217 3918 265 3974; x_wconf 83' lang='lat'>93.</span> <span class='ocrx_word' id='word_1_250' title='bbox 282 3901 334 3957; x_wconf 79' lang='lat' dir='ltr'>Ed.</span> <span class='ocrx_word' id='word_1_251' title='bbox 345 3900 456 3969; x_wconf 77' lang='grc' dir='ltr'>ἡνῶσθαι</span> <span class='ocrx_word' id='word_1_252' title='bbox 470 3902 492 3955; x_wconf 83' lang='grc' dir='ltr'>δ’</span> <span class='ocrx_word' id='word_1_253' title='bbox 503 3904 579 3979; x_wconf 75' lang='grc' dir='ltr'>αὐτῷ.</span> <span class='ocrx_word' id='word_1_254' title='bbox 604 3905 644 3957; x_wconf 78' lang='grc' dir='ltr'>καὶ</span> <span class='ocrx_word' id='word_1_255' title='bbox 659 3926 703 3957; x_wconf 82' lang='grc' dir='ltr'>κα·</span> <span class='ocrx_word' id='word_1_256' title='bbox 790 3918 816 3979; x_wconf 87' lang='lat'>7.</span> <span class='ocrx_word' id='word_1_257' title='bbox 833 3903 904 3959; x_wconf 84' lang='lat' dir='ltr'>eod.</span> <span class='ocrx_word' id='word_1_258' title='bbox 918 3905 1188 3975; x_wconf 74' lang='grc' dir='ltr'>προμεριμνηαθεῖσιν.</span> 
     </span>
     <span class='ocr_line' id='line_1_33' title="bbox 176 3983 1112 4059; baseline 0.002 -23"><span class='ocrx_word' id='word_1_259' title='bbox 176 3983 254 4038; x_wconf 79' lang='grc' dir='ltr'>θιῖλε.</span> <span class='ocrx_word' id='word_1_260' title='bbox 787 4003 815 4059; x_wconf 91' lang='grc'>9.</span> <span class='ocrx_word' id='word_1_261' title='bbox 831 3983 903 4039; x_wconf 83' lang='lat' dir='ltr'>Cod.</span> <span class='ocrx_word' id='word_1_262' title='bbox 919 3985 977 4054; x_wconf 82' lang='grc' dir='ltr'>οῦχὶ</span> <span class='ocrx_word' id='word_1_263' title='bbox 990 3984 1112 4053; x_wconf 58' lang='grc' dir='ltr'>μαθητάς.</span> 
     </span>
     <span class='ocr_line' id='line_1_34' title="bbox 217 4061 1263 4139; baseline 0 -22"><span class='ocrx_word' id='word_1_264' title='bbox 217 4078 267 4135; x_wconf 89' lang='lat'>94.</span> <span class='ocrx_word' id='word_1_265' title='bbox 283 4061 335 4118; x_wconf 85' lang='lat' dir='ltr'>Ed.</span> <span class='ocrx_word' id='word_1_266' title='bbox 350 4061 440 4132; x_wconf 84' lang='grc' dir='ltr'>φησίν.</span> <span class='ocrx_word' id='word_1_267' title='bbox 791 4082 837 4120; x_wconf 90' lang='grc' dir='ltr'>ιο.</span> <span class='ocrx_word' id='word_1_268' title='bbox 855 4064 932 4120; x_wconf 73' lang='lat' dir='ltr'><strong>Fort</strong></span> <span class='ocrx_word' id='word_1_269' title='bbox 946 4062 990 4120; x_wconf 79' lang='grc' dir='ltr'>ἀπ’</span> <span class='ocrx_word' id='word_1_270' title='bbox 1004 4065 1083 4119; x_wconf 74' lang='grc' dir='ltr'>αὐτοῦ</span> <span class='ocrx_word' id='word_1_271' title='bbox 1103 4064 1162 4137; x_wconf 82' lang='lat' dir='ltr'>(vel</span> <span class='ocrx_word' id='word_1_272' title='bbox 1183 4063 1263 4139; x_wconf 77' lang='lat' dir='ltr'>potius</span> 
     </span>
     <span class='ocr_line' id='line_1_35' title="bbox 217 4141 1090 4214; baseline 0.003 -17"><span class='ocrx_word' id='word_1_273' title='bbox 217 4142 254 4197; x_wconf 86' lang='lat' dir='ltr'>ib.</span> <span class='ocrx_word' id='word_1_274' title='bbox 270 4141 343 4198; x_wconf 84' lang='lat' dir='ltr'>Cod.</span> <span class='ocrx_word' id='word_1_275' title='bbox 359 4144 374 4195; x_wconf 82' lang='grc' dir='ltr'>δ</span> <span class='ocrx_word' id='word_1_276' title='bbox 392 4141 419 4195; x_wconf 71' lang='grc' dir='ltr'>ἐκ</span> <span class='ocrx_word' id='word_1_277' title='bbox 436 4141 510 4195; x_wconf 73' lang='grc' dir='ltr'>οἶκον.</span> <span class='ocrx_word' id='word_1_278' title='bbox 554 4141 659 4199; x_wconf 81' lang='lat' dir='ltr'>Melius</span> <span class='ocrx_word' id='word_1_279' title='bbox 677 4145 704 4199; x_wconf 75' lang='grc' dir='ltr'>ἐκ</span> <span class='ocrx_word' id='word_1_280' title='bbox 745 4145 795 4199; x_wconf 83' lang='grc' dir='ltr'>ἇπδ</span> <span class='ocrx_word' id='word_1_281' title='bbox 809 4144 911 4209; x_wconf 88' lang='grc' dir='ltr'>τοῦτου)</span> <span class='ocrx_word' id='word_1_282' title='bbox 926 4144 1090 4214; x_wconf 72' lang='grc' dir='ltr'>εδιημρίναν.</span> 
     </span>
     <span class='ocr_line' id='line_1_36' title="bbox 176 4221 1080 4294; baseline 0.003 -15"><span class='ocrx_word' id='word_1_283' title='bbox 176 4226 221 4291; x_wconf 78' lang='grc' dir='ltr'>τῆς</span> <span class='ocrx_word' id='word_1_284' title='bbox 234 4224 311 4278; x_wconf 70' lang='grc' dir='ltr'>οἶκον.</span> <span class='ocrx_word' id='word_1_285' title='bbox 326 4229 358 4277; x_wconf 90' lang='lat' dir='ltr'>ut</span> <span class='ocrx_word' id='word_1_286' title='bbox 372 4221 400 4276; x_wconf 90' lang='lat' dir='ltr'>in</span> <span class='ocrx_word' id='word_1_287' title='bbox 415 4221 459 4275; x_wconf 89' lang='lat' dir='ltr'>ed.</span> <span class='ocrx_word' id='word_1_288' title='bbox 791 4242 800 4280; x_wconf 87' lang='grc' dir='ltr'>ι</span> <span class='ocrx_word' id='word_1_289' title='bbox 813 4243 834 4280; x_wconf 92' lang='grc' dir='ltr'>ι.</span> <span class='ocrx_word' id='word_1_290' title='bbox 850 4223 922 4281; x_wconf 86' lang='lat' dir='ltr'>cod.</span> <span class='ocrx_word' id='word_1_291' title='bbox 937 4225 979 4279; x_wconf 74' lang='grc' dir='ltr'>ἐπὶ</span> <span class='ocrx_word' id='word_1_292' title='bbox 991 4226 1021 4279; x_wconf 75' lang='grc' dir='ltr'>τὸ</span> <span class='ocrx_word' id='word_1_293' title='bbox 1034 4224 1080 4294; x_wconf 72' lang='grc' dir='ltr'>μή.</span> 
     </span>
     <span class='ocr_line' id='line_1_37' title="bbox 216 4300 1261 4379; baseline 0 -22"><span class='ocrx_word' id='word_1_294' title='bbox 216 4321 235 4376; x_wconf 91' lang='lat'>9</span> <span class='ocrx_word' id='word_1_295' title='bbox 237 4318 263 4377; x_wconf 82' lang='lat'>5.</span> <span class='ocrx_word' id='word_1_296' title='bbox 273 4304 375 4371; x_wconf 83' lang='grc' dir='ltr'>Ἰησοῦν</span> <span class='ocrx_word' id='word_1_297' title='bbox 388 4300 468 4356; x_wconf 83' lang='lat' dir='ltr'>deest</span> <span class='ocrx_word' id='word_1_298' title='bbox 482 4300 511 4356; x_wconf 87' lang='lat' dir='ltr'>in</span> <span class='ocrx_word' id='word_1_299' title='bbox 525 4301 570 4357; x_wconf 88' lang='lat' dir='ltr'>ed.</span> <span class='ocrx_word' id='word_1_300' title='bbox 785 4305 822 4360; x_wconf 90' lang='lat' dir='ltr'>ib.</span> <span class='ocrx_word' id='word_1_301' title='bbox 833 4304 898 4360; x_wconf 86' lang='lat' dir='ltr'>Vid.</span> <span class='ocrx_word' id='word_1_302' title='bbox 910 4303 985 4361; x_wconf 88' lang='lat' dir='ltr'>Iren.</span> <span class='ocrx_word' id='word_1_303' title='bbox 998 4304 1022 4370; x_wconf 90' lang='lat'>1,</span> <span class='ocrx_word' id='word_1_304' title='bbox 1038 4322 1102 4379; x_wconf 80' lang='lat' dir='ltr'><strong>cap.</strong></span> <span class='ocrx_word' id='word_1_305' title='bbox 1114 4306 1172 4368; x_wconf 81' lang='lat' dir='ltr'>xvi,</span> <span class='ocrx_word' id='word_1_306' title='bbox 1187 4324 1213 4379; x_wconf 88' lang='lat' dir='ltr'>p.</span> <span class='ocrx_word' id='word_1_307' title='bbox 1223 4301 1261 4357; x_wconf 80' lang='lat' dir='ltr'>so.</span> 
     </span>
     <span class='ocr_line' id='line_1_38' title="bbox 215 4382 599 4457; baseline -0.01 -17"><span class='ocrx_word' id='word_1_308' title='bbox 215 4396 263 4457; x_wconf 85' lang='lat'>97.</span> <span class='ocrx_word' id='word_1_309' title='bbox 280 4383 333 4440; x_wconf 81' lang='lat' dir='ltr'>Ed.</span> <span class='ocrx_word' id='word_1_310' title='bbox 350 4383 376 4438; x_wconf 73' lang='grc' dir='ltr'>δί</span> <span class='ocrx_word' id='word_1_311' title='bbox 391 4383 426 4439; x_wconf 78' lang='grc' dir='ltr'>εἷς</span> <span class='ocrx_word' id='word_1_312' title='bbox 439 4382 599 4451; x_wconf 74' lang='grc' dir='ltr'>ἐξομοίωσιν.</span> 
     </span>
    </p>
   </div>
   <div class='ocr_carea' id='block_1_7' title="bbox 0 0 1396 4972">
    <p class='ocr_par' dir='ltr' id='par_1_16' title="bbox 0 0 1396 4972">
     <span class='ocr_line' id='line_1_39' title="bbox 0 0 1396 4972; baseline 0 0"><span class='ocrx_word' id='word_1_313' title='bbox 0 0 1396 4972; x_wconf 95' lang='lat' dir='ltr'> </span> 
     </span>
    </p>
   </div>
  </div>
 </body>
</html>
