2782 4972
223 288 265 354 76
663 289 878 356 ORIGENIS
1256 293 1387 375 lv.42-

221 452 415 561 φράζοντες
443 457 491 536 ὡς
518 452 601 530 ἴδια·
636 451 765 531 τούτου
792 450 899 557 χάριν
927 456 1135 553 ὑπομνῆσαι
1162 455 1325 540 θέλοντες

220 580 303 666 τοῦς
338 577 502 662 πολλοῦς
537 576 794 682 περιεργότεροι
829 578 1042 679 ἐγενήθημεν
1072 579 1167 683 πρὸς
1200 580 1245 662 τδ
1281 580 1360 680 μὴςς

220 713 429 789 καταλιπεῖν
446 703 525 785 τινιί
549 703 684 807 τρόπον
701 710 775 788 τοῖς
791 705 956 786 ἐθέλουσι
974 714 1204 788 πλανᾶσθαι·
1235 712 1323 807 άπη·

221 834 393 939 νέχθημεν
412 828 448 908 δέ
474 832 537 909 οῦκ
563 828 707 930 ἀλόγως
724 829 772 915 εἰς
790 865 870 909 τινα
886 838 960 910 τῶν
977 829 1105 931 μάγων
1124 830 1323 936 ἀπόρρητα,

118 1060 121 1065 Ι
221 959 245 1040 ἃ
269 957 360 1062 πρὸς
377 955 442 1057 μέν
466 955 508 1036 τδ
532 956 762 1058 προκείμενον
781 959 823 1036 οὐ
846 955 943 1037 πάνυ
960 960 1140 1057 ἀναγκαῖα
1157 957 1218 1056 ἦν,
1239 957 1326 1062 πρδτ

221 1084 257 1164 δὲ
290 1084 332 1165 τδ
366 1081 628 1191 φυλάσσεσθαι
664 1081 730 1182 τὴν
762 1090 835 1163 τῶν
867 1083 995 1185 μάγων
1025 1095 1240 1188 πανοῦργον
1271 1090 1324 1165 καὶ

219 1211 429 1292 άσιίοτατον
465 1209 607 1315 τέχνην,
641 1213 824 1315 εὔχρηστα
862 1210 1002 1313 νομίζει·
1070 1213 1174 1292 Ἐπεὶ
1208 1215 1361 1293 τοίνυνόο

220 1343 268 1424 ὡς
296 1336 435 1418 εἰκάσω
464 1337 542 1416 ἔστι
573 1333 638 1419 τὰς
674 1336 819 1418 πάντων
854 1336 964 1441 δόξας
998 1336 1200 1442 ἐξεθέμεθα,
1230 1350 1321 1420 πολ-

219 1463 289 1564 λὴν
320 1464 494 1570 φροντίδα
524 1461 739 1561 ποιήσαντες
766 1462 856 1567 πρὸς
886 1462 928 1544 τδ
957 1471 1169 1571 φανερῶσαι
1199 1464 1249 1544 τὰ
1279 1470 1324 1551 ὡς

220 1590 304 1694 ξένα
331 1592 486 1668 ἐπὶτῶν
514 1593 752 1694 αἰρεσιαρχιῦν
778 1591 1050 1690 ἐπεισαγόμενα,
1081 1589 1174 1693 πρὸς
1201 1592 1321 1672 θεοσέ-

127 1742 165 1804 18
181 1725 319 1811 ς,βειοιν
344 1714 431 1794 ὅντα
455 1711 588 1812 μάταια
611 1719 670 1795 καί
696 1714 794 1813 νόθα,
816 1716 896 1795 οῦδὲ
916 1721 954 1796 ε’ν
973 1720 1092 1803 αὐτοῖς
1109 1717 1220 1803 οἴσεις
1238 1718 1321 1821 άξια

219 1841 333 1943 λόγου
356 1837 593 1947 τυγχάνοντα,
615 1845 712 1921 δοκεῖ
736 1840 794 1920 διὰ
819 1841 1002 1941 συντόμου
1020 1841 1135 1945 λόγου
1160 1847 1358 1944 ῦπομνη·65

132 1952 138 1965 ’
218 1970 349 2065 σθῆναι
368 1968 623 2073 κεφαλαιωδῶς
640 1963 686 2044 τὰ
703 1967 951 2070 προειρημένα.

153 2122 205 2200 43
276 2097 379 2171 Πᾶσι
396 2097 471 2176 τοῖς
488 2088 580 2170 κατὰ
596 2087 663 2189 τήν
685 2091 890 2190 οἰκουμένην
908 2088 1130 2198 φιλοσόφοις
1158 2096 1218 2171 καί
1243 2099 1320 2171 θεο-

217 2215 341 2318 λόγοις
374 2214 574 2317 ζητήσασιν
607 2218 649 2295 οῦ
686 2216 922 2323 συνεφρόνησε
953 2219 1034 2320 περὶ
1065 2224 1131 2296 τοῦ
1159 2223 1259 2298 θεοῦ
1289 2219 1325 2298 τί

217 2346 316 2424 ἐστιν
345 2341 367 2441 ἢ
397 2342 571 2426 ποδαπός.
631 2347 681 2422 Οἱ
708 2340 771 2441 μὲν
800 2341 872 2446 γὰρ
899 2341 1009 2423 αῦτδν
1036 2341 1211 2443 λέγουσιν
1238 2339 1323 2422 εἰναι

217 2479 303 2573 πῦρ,
325 2474 357 2547 οἱ
377 2467 413 2546 δὲ
430 2477 581 2567 πνεῦμα,
599 2473 631 2547 οἰ
651 2467 687 2546 δὲ
706 2470 813 2572 ὕδωρ,
831 2470 940 2572 ἕτεροι
960 2467 996 2546 δέ
1014 2472 1096 2569 γῆν.
1131 2464 1363 2563 Ἕκαατονηο

219 2593 255 2673 δί
282 2601 354 2674 τῶν
382 2597 567 2700 στοιχείων
594 2593 745 2674 ἔλαττόν
768 2631 803 2675 τι
830 2594 912 2700 ἔχει,
933 2597 991 2673 καί
1018 2595 1137 2696 ἕτερον
1163 2593 1234 2674 ῦττδ
1260 2604 1323 2675 τοῦ

218 2723 338 2827 ἑτέρου
374 2725 529 2823 ἡττᾶται.
586 2729 705 2802 Τοῦτο
739 2720 775 2800 δέ
810 2722 947 2819 συνέβη
978 2727 1054 2806 τοῖς
1083 2729 1149 2800 τοῦ
1182 2720 1323 2820 κόσμου

220 2857 364 2958 σοφοῖς,
387 2852 472 2955 ὅπερ
489 2853 566 2930 ἐστὶ
584 2855 658 2931 τοῖς
677 2856 761 2927 νοῦν
779 2847 904 2952 έχουσι
921 2846 1120 2949 πρόδηλον,
1139 2846 1173 2926 οἰ
1191 2848 1324 2931 ἰδόντες

219 2982 283 3075 τῆς
301 2980 448 3060 κτίσεως
466 2975 511 3055 τιί
528 2974 656 3075 μεγέθη
674 2975 731 3053 ἐπὶ
757 3008 802 3079 τῃ
820 2979 893 3052 τῶν
918 2973 1032 3053 ὄντων
1060 2974 1167 3078 οὐσίᾳ
1193 2970 1320 3076 ἐταρά-

219 3110 375 3209 χθησαν,
396 3100 536 3201 μείζονα
556 3109 669 3180 ταῦτα
694 3100 904 3198 νομίσαντες
921 3107 985 3179 τοῦ
1004 3100 1064 3205 ὑφ’
1084 3099 1205 3203 ἑτέρου
1224 3099 1320 3200 γένε-
1332 3131 1364 3189 75

220 3264 282 3309 σιν
308 3225 537 3330 ἐπιδέξασθαι
565 3226 751 3322 δύνασθαι,
776 3228 834 3304 καὶ
861 3223 940 3304 οὐδὲ
968 3229 1056 3322 ὁμοῦ
1082 3221 1125 3303 τὸ
1153 3224 1319 3324 σύμπαν,

219 3351 306 3434 αὐτὸ
324 3350 410 3432 εἰναι
427 3350 491 3432 τὸν
515 3350 595 3433 θεὸν
620 3352 862 3456 ἀπεφήναντο,
884 3349 996 3428 οιίτιον
1019 3348 1109 3453 πρὸς
1130 3352 1322 3451 θεολογίαν

219 3479 256 3558 ἓν
273 3487 347 3559 τῶν
368 3480 599 3579 βλεπομένων
628 3479 780 3575 νομίσας
806 3476 892 3578 ὅπερ
910 3475 1033 3578 ἔκρινε,
1055 3479 1113 3553 καὶ
1131 3477 1243 3560 οὕτως
1264 3478 1321 3557 ε’πὶ

219 3614 294 3691 τοῖς
312 3606 380 3688 ῦπδ
398 3614 479 3687 θεοῦ
497 3604 695 3706 γενομένοις
714 3607 772 3682 καί
791 3601 882 3681 κατὰ
899 3600 966 3699 τὴν
983 3602 1113 3679 ἐκείνου
1132 3600 1316 3704 ὑπερβάλ-

220 3744 362 3815 λουσαν
385 3730 642 3832 μεγαλειότητα
668 3731 874 3836 ἐλαχίστοις
893 3725 1117 3834 ὑπάρχουσιν
1135 3726 1316 3824 ἐνιδόντες,
1328 3751 1364 3807 80

261 3971 308 4030 55.
324 3953 396 4011 Cod.
411 3952 583 4025 ἐγεννήθημεν.
830 3950 879 4019 64.
896 3949 951 4005 Pro
965 3948 1044 4005 οἴσεις
1057 3947 1124 4003 fort.
1140 3947 1197 4021 leg.
1211 3947 1283 4006 ἴσως.

262 4053 310 4110 59.
337 4034 407 4090 cod.
433 4034 474 4087 καὶ
501 4035 547 4102 τήν
574 4038 625 4086 τῶν
650 4034 746 4103 μάγων.
830 4032 878 4101 όη.
901 4029 935 4084 ln
957 4028 1103 4103 margine:
1129 4027 1177 4100 ὅρα
1198 4030 1245 4098 τήν
1264 4030 1317 4084 διθ-

220 4114 320 4172 Delevi
333 4119 383 4169 καί.
789 4113 874 4181 φορον
905 4110 982 4178 δόξαν
1015 4114 1066 4163 τῶν
1099 4108 1231 4179 θεολόγων
1261 4111 1319 4182 περί

261 4197 309 4253 60.
334 4193 407 4250 Cod.
430 4194 530 4263 νομίζει.
574 4191 680 4266 Scripsi
705 4214 746 4245 νο·
789 4190 858 4244 θεοῦ.

219 4278 291 4347 μέζω,
310 4274 385 4348 quod
406 4273 492 4330 etiam
513 4272 578 4329 alibi
599 4281 663 4347 post
686 4271 746 4345 plu·
831 4285 878 4341 71.
894 4268 966 4325 Cod.
982 4270 1081 4323 ε’λόπω
1095 4291 1129 4324 τι.

220 4358 307 4414 talem
321 4356 385 4425 ἡμᾶς
398 4353 520 4428 ponitur.
832 4349 876 4422 78.
896 4349 996 4405 Putem
1017 4350 1154 4405 omissum
1177 4368 1240 4406 εεεε
1261 4352 1316 4405 ἔκα-

261 4438 308 4511 63.
326 4436 394 4509 Leg.
410 4437 459 4490 ὑπὸ
472 4439 530 4489 τῶν.
788 4451 851 4485 στος
865 4438 929 4502 post
943 4430 987 4485 vel
1002 4437 1067 4486 ante
1082 4431 1197 4500 νομίσας.
