2782 4972
122 306 187 373 238
563 302 779 372 ORIGENIS
1143 300 1269 385 vlm-

62 500 83 551 2
89 498 112 576 5
178 471 280 550 Ἐπεὶ
305 470 368 548 οὖν
392 465 599 548 τετέλεσται
624 468 699 548 κατ’
719 465 888 552 αῦτοὺςδ
911 464 1057 565 κόσμος
1076 466 1160 550 ὅλος
1174 466 1220 542 καὶ

124 596 171 677 τὰ
198 594 431 699 ῦπερκόσμια,
459 599 517 674 καὶ
544 595 644 675 ἔστιν
669 592 778 678 ε’νδεές
804 593 921 690 οῦδὲν,
943 594 1107 673 λείπεται
1135 591 1221 670 δὲέν

124 722 415 828 τῆπανσπερμιέρ
431 722 454 820 ή
473 721 591 821 υἷόοης
608 721 631 819 ἦ
648 723 750 825 τρίτη
767 722 790 819 ή
810 715 1129 818 καταλελειμμένῃ
1141 720 1222 815 εὐερ-

125 856 238 951 γετεῖν
265 851 323 928 καὶ
351 851 607 952 εῦεργετεῖσθαι
634 849 671 926 ἐν
697 850 749 954 τῷ
777 843 977 949 σπέρματι,
1010 847 1073 924 καὶ
1102 840 1224 942 δῆτῆν

125 972 429 1075 ὑπολελειμμένην
458 974 602 1074 υὶότητα
628 977 933 1080 ἀποκαλυφθῆναι
961 975 1024 1051 καὶ
1054 974 1256 1054 &noxam-¹3

123 1106 300 1200 σταθῆναι
327 1101 402 1180 ἅνω
429 1102 498 1179 ε’κεΐ
519 1099 605 1204 ὑπὲρ
629 1098 672 1180 τὸ
696 1097 860 1203 μεθόριον
884 1107 1035 1197 πνεῦμα
1058 1097 1152 1202 πρὸς
1171 1094 1226 1196 τῆν

125 1225 268 1327 υἱόν-ητα
286 1224 352 1325 τῆν
366 1231 565 1330 λεπτομερῆ
585 1230 643 1306 καὶ
660 1222 864 1326 μιμητικήν,
879 1228 944 1304 καὶ
961 1222 1031 1304 τὸν
1051 1226 1119 1303 οῦκ
1136 1224 1223 1319 ὄντα,

125 1357 174 1438 ὡς
187 1351 401 1456 γέγραπται,
415 1357 522 1459 φησὶ,
536 1364 558 1433 ‘f
571 1355 643 1432 Καὶ
660 1353 683 1451 ῆ
702 1353 817 1435 κτίσις
832 1349 925 1449 affl)
943 1349 1162 1451 συσπενάζει
1177 1353 1225 1428 καί

124 1480 309 1560 συνωδίνει
335 1476 401 1577 τήν
423 1477 657 1584 ἀποκάλυψιν
678 1485 751 1558 τῶν
777 1481 861 1556 υίῶν
887 1486 957 1557 τοῦ
983 1483 1076 1558 θεοῦ
1097 1479 1222 1581 έκδεχο·

123 1602 242 1704 μένη.”
300 1606 383 1682 Υἱοὶ
416 1603 466 1700 δέ,
497 1606 625 1710 φησὶν,
658 1602 766 1703 ἐσμέν
801 1603 900 1701 ἡμεῖς
934 1607 969 1681 οἱ
1002 1603 1258 1703 πνευματικοὶιν

123 1729 245 1810 ἐνθάδε
277 1726 604 1829 καταλελειμμένοι,
635 1733 878 1828 διακοσμῆσαι
910 1732 972 1807 καὶ
1006 1731 1223 1810 διατυπῶσαι

30 1887 72 1953 92
82 1890 108 1931 r.
125 1861 183 1936 καὶ
207 1854 476 1960 διορθώσασθαι
494 1859 552 1934 καὶ
575 1861 761 1935 τελειῶσαι
776 1851 841 1939 τᾶς
858 1851 986 1960 ψυχὰς
1004 1852 1105 1934 κατὰ
1122 1853 1223 1962 φύσιν

124 1983 278 2088 ἐχούσας
300 1979 415 2083 μένειν
441 1983 478 2060 ἐν
505 1979 620 2088 τοῦπερ
642 1984 695 2087 τῷ
716 1979 944 2080 διαστήματι.
986 1992 1010 2029 “
1027 1979 1153 2088 Μέχρι
1167 1979 1223 2081 μέν

125 2111 188 2188 οὖν
204 2106 371 2193 Μωσέως
385 2106 456 2188 ἀπὸ
475 2106 595 2207 Ἀδὰμ
612 2108 850 2203 ἐβασίλευσεν
866 2108 889 2206 ῆ
906 2109 1104 2212 ἆμαρτία,”
1118 2107 1222 2192 καθδς

124 2232 338 2337 γέγραπται·
368 2235 582 2328 ἐβασίλευσε
606 2230 678 2337 γάρ
700 2236 720 2313 5
742 2230 856 2334 μέγας
877 2233 1002 2339 ἅρχων
1027 2238 1050 2315 5
1071 2235 1162 2340 ἔχων
1185 2231 1254 2316 r5²5

123 2357 229 2444 τέλος
255 2363 364 2439 αὑτοῦ
395 2357 502 2466 μέχρι
529 2360 788 2464 στερεοίματος,
820 2357 972 2460 νομίζων
1003 2361 1117 2446 αὐτὸς
1143 2357 1219 2439 εἶναι

124 2484 202 2568 θεὸς
222 2486 343 2584 μόνος,
365 2490 423 2565 καὶ
452 2485 537 2589 ὑπὲρ
563 2484 671 2565 αὐτὸν
695 2481 781 2564 εἶναι
800 2485 922 2584 μηδὲν,
943 2483 1070 2566 πάντα
1092 2484 1161 2590 γάρ
1181 2482 1220 2582 ἦν

124 2610 390 2717 φυλασσόμενα
423 2611 622 2719 ἀποκρύφῳ
649 2618 781 2716 σιανιῆ.
831 2618 964 2708 Τοῦτο,
990 2617 1125 2718 φησὶν,
1151 2612 1219 2692 ἐστὶ

123 2737 165 2818 τὸ
189 2738 388 2843 μυστήριον
412 2739 432 2819 δ
460 2745 537 2822 ταῖς
559 2735 748 2842 προτέρως
766 2744 900 2839 γενεαῖς
921 2740 987 2817 οὐκ
1008 2740 1216 2843 ἐγνωρίσθη,

123 2863 224 2943 ἀλλὰ
241 2863 286 2963 ἦν
303 2868 340 2943 ἐν
358 2867 497 2950 ἐκείνας
515 2871 588 2950 τοῖς
606 2862 748 2970 χρόνοις
763 2860 940 2959 βασιλεῦς
957 2867 1018 2943 καὶ
1042 2865 1163 2969 κύριος
1177 2866 1253 2948 553⁰

123 2990 231 3071 ἐδόκει
249 2999 322 3071 τῶν
341 2993 438 3072 ὅλων
457 2995 477 3072 5
494 2989 609 3092 μέγας
627 2992 800 3097 ἅρχων,ή
823 2989 967 3092 ὀγδοάς.
1003 2988 1088 3072 Ἦν
1110 2991 1147 3071 δέ
1169 2993 1219 3071 καὶ

123 3117 251 3198 τοῦτον
268 3127 333 3197 τοῦ
352 3118 595 3218 διαστήματος
612 3116 787 3214 βασιλεὺς
805 3121 862 3196 καὶ
880 3117 1000 3220 κύριος
1017 3119 1043 3217 ἡ
1061 3116 1219 3216 ἕβδομός,

124 3246 181 3322 καὶ
209 3245 308 3326 ε”στιν
330 3247 352 3344 ή
376 3246 441 3344 μέν
465 3244 596 3347 ὀγδοὰς
620 3246 787 3349 ἅρμητος,
808 3243 917 3349 ῥητὸν
940 3244 978 3323 δέ
1004 3246 1027 3344 ῆ
1057 3244 1217 3346 ἕβδομός.

125 3373 244 3457 Οὗτος
261 3375 351 3469 ε’στὶ,
372 3376 502 3479 φησὶν,
524 3376 544 3452 5
568 3377 632 3471 τῆς
650 3370 847 3471 ἑβδομάδος
864 3370 987 3475 ἅρχων
1010 3374 1030 3450 5
1054 3372 1221 3471 λαλήσας

123 3501 175 3602 τῷ
193 3504 338 3602 Μωϋσῇ
358 3503 415 3577 καὶ
434 3498 550 3596 είπὼν,
564 3510 585 3545 “
595 3497 695 3599 Ἐγὼ
713 3501 733 3577 5
747 3496 825 3583 θεὸς
837 3493 1011 3598 Ἀβραὰμ
1024 3500 1086 3576 καὶ
1099 3495 1255 3577 Ἰσαόκ35

124 3624 182 3699 καὶ
195 3622 337 3719 Ἰακὼβ,
352 3629 410 3702 καὶ
427 3623 469 3704 τδ
487 3625 601 3722 ὄνομα
618 3632 682 3704 τοῦ
699 3630 780 3702 θεοῦ
799 3627 862 3702 οὐκ
879 3621 1052 3721 ἐδήλωσα
1070 3619 1218 3707 αῦτοῖς·”

124 3748 234 3830 οὕτως
262 3747 334 3848 γὰρ
361 3750 511 3830 θέλουσι
539 3748 753 3855 γεγράφθω,
783 3748 946 3828 τουτέστι
974 3756 1038 3828 τοῦ
1070 3748 1220 3852 ἀρρήτου

123 3877 186 3970 τῆς
204 3871 377 3973 ὀγδοάδος
396 3875 569 3979 ἄρχοντος
587 3882 678 3954 θεοῦ.
738 3873 877 3959 Πάντες
896 3875 959 3953 οὖν
983 3879 1016 3952 οἱ
1039 3880 1219 3982 προφῆτα

123 4002 156 4076 οί
183 3997 255 4101 πρὸ
282 4006 346 4076 τοῦ
372 4005 551 4101 Σωτῆρος,
572 4005 700 4107 φησὶν,
720 4002 846 4079 ἐκεῖθεν
870 3998 1073 4098 ἐλάλησαν.
1124 4001 1218 4080 Ἐπεὶ

123 4125 185 4202 οῦν
203 4124 268 4204 ἔδει
287 4126 600 4228 ἀποκαλυφθῆναι,
618 4129 746 4231 φησὶν,
768 4126 860 4224 ἡμᾶς
877 4124 1044 4204 τὰτέκνα
1059 4136 1126 4207 τοῦ
1142 4133 1218 4207 θεοῦ
1224 4152 1254 4207 4⁰

172 4295 212 4333 ιι.
230 4278 306 4333 Fort.
322 4275 361 4343 δή.
694 4278 838 4341 V111‚22.

170 4375 213 4427 ι4.
230 4357 300 4414 Cod.
316 4356 515 4427 ἐβεργετεὶσθαι.
737 4375 781 4426 24.
799 4357 929 4420 Rom.V‚
943 4375 988 4430 ¹3·
1002 4376 1048 4429 14.

169 4437 213 4491 18.
224 4439 296 4493 (.'0d.
308 4437 478 4503 συνστενάζει.
495 4436 558 4491 Vid.
570 4437 651 4491 Rom.
735 4454 781 4512 35.
800 4438 889 4494 Exod.
904 4437 959 4501 III,
972 4438 1001 4494 6.
