2782 4972
236 278 299 341 148
674 277 889 342 ORIGENIS
1294 274 1389 337 5222-

235 449 372 548 φρασις
391 437 481 537 Σήθ·
512 436 630 517 πάντα
657 437 729 540 γάρ
751 438 796 517 τὰ
824 438 1011 541 ἀπόρρητα
1038 441 1164 518 αὐτῶν
1191 440 1264 517 ἐκεῖ
1284 440 1334 516 εὑ·

234 568 337 672 ρήσει
363 566 556 665 ε’γκείμενα.
615 564 724 643 Ἀλλ’
744 567 818 643 ε’πεὶ
845 564 890 643 τά
917 564 1008 645 κατὰ
1034 563 1123 648 τοὺς
1155 562 1337 647 Σιθιανούς

140 720 182 786 53
199 721 225 763 1·-
234 692 430 797 ε’ξεθέμεθα,
444 691 571 788 ἴδωμεν
589 691 668 768 τίνα
685 692 763 771 ε’στὶ
782 694 841 770 καὶ
858 690 904 771 τά
920 691 1110 797 Ἰουσπίνερ
1130 694 1315 769 δοκοῦντα.

172 834 223 911 23
289 820 485 902 Ἰουστῖνος
516 814 633 915 πάντή
664 819 821 903 ἐναντίω·
852 821 897 922 τῇ
926 824 998 897 τῶν
1028 819 1148 918 ἁγίων
1179 820 1354 921 Γραφῶν5

234 943 420 1048 γενόμενος
456 946 595 1047 διδαχῇ,
628 943 780 1047 προσέτι
810 942 848 1021 δὲ
878 946 937 1023 καὶ
967 948 1012 1048 τῇ
1044 949 1122 1023 τῶν
1155 942 1334 1044 μακαριων

235 1071 470 1173 Εὐαγγελίων
486 1073 611 1175 γραφῇ
629 1067 652 1169 ἢ
671 1076 776 1176 φωνῇ
794 1074 843 1155 ῶς
866 1072 1051 1151 ἐδίδασκεν
1075 1073 1096 1149 ὁ
1121 1068 1240 1170 λόγος
1256 1065 1332 1150 τούς

232 1196 394 1297 μαθητὰς
411 1197 543 1297 λέγων·
575 1207 596 1243 “
610 1200 675 1281 Εῖς
692 1196 776 1276 ὁδὸν
801 1199 911 1276 ἐθνῶν
927 1194 978 1295 μή
999 1195 1224 1295 &mmm-tp
1252 1196 1331 1295 ὅπερ

233 1328 342 1423 δηλοῖ
361 1321 411 1423 μή
434 1323 626 1427 προσέχειν
650 1326 786 1427 τῇτῶν
811 1325 922 1402 ἐθνῶν
943 1323 1078 1427 ματαίᾳ
1099 1323 1326 1425 διδασκαλίᾳ.

232 1451 352 1534 Οἷπος
372 1451 428 1529 ἐπὶ
450 1447 495 1529 τὰ
518 1450 628 1528 ἐθνῶν
651 1448 979 1551 περατολογούμενα
1005 1451 1066 1528 καὶ
1094 1447 1364 1547 διδασκόμενον

229 1577 422 1675 ἀναγαγεῖν
437 1583 597 1677 πειρᾶται
612 1574 696 1660 τούς
711 1575 963 1679 ἀκροωμένους,
977 1573 1170 1678 αύτολεξεὶ
1188 1575 1236 1655 τά
1251 1576 1326 1676 παρ’

224 1697 391 1800 Ἕλλησι
415 1701 634 1800 μυθευόμενα
662 1701 904 1802 διηγούμενος,
926 1703 1004 1781 οὔτε
1029 1698 1213 1804 πρότερον
1237 1699 1324 1780 διδό-

231 1826 311 1931 ξας,
333 1831 411 1908 οὔτε
433 1826 615 1931 παραδούς
642 1825 685 1907 τό
711 1827 845 1908 τέλειον
871 1829 980 1908 αὐτοῦ
1004 1828 1213 1932 μυστήριον
1234 1825 1325 1927 είμή

230 1953 324 2060 ὅρκιρ
342 1952 437 2057 δήσῃ
455 1952 519 2032 τὸν
542 1952 791 2051 πλανώμενον·
821 1952 939 2032 ἔπειτα
956 1952 1039 2037 τούς
1056 1954 1198 2051 μύθους
1216 1989 1324 2057 παρα·

227 2082 348 2179 τίθησι
375 2078 616 2185 ψυχαγωγίας
642 2076 759 2181 χάριν,
791 2079 887 2163 ὅπως
917 2083 949 2157 οῖ
980 2078 1263 2184 εἰαυγχάνοιπες
1286 2081 1360 2183 τῇῑᾶ

226 2214 300 2287 τῶν
326 2208 471 2300 βίβλων
497 2205 680 2310 ἀναρίθμῳ
708 2206 868 2309 φλυαρίᾳ
892 2204 1118 2307 παραμύθιον
1145 2207 1262 2312 ἔχωσι
1285 2205 1325 2287 τὰ

159 2340 162 2347 ’
226 2328 444 2428 μυθευόμενα
478 2330 535 2428 (ὃν
569 2328 703 2432 τρόπον
734 2329 768 2407 εί
794 2365 848 2415 τις
875 2328 958 2410 ὁδὸν
986 2330 1130 2433 μακρὰν
1158 2331 1323 2434 βαδίζων,

227 2452 443 2559 παρατυχὼν
471 2455 694 2555 καταλύματι
720 2455 965 2537 ἀναπαύεσθαι
992 2461 1102 2562 δοκεῖ)
1130 2464 1194 2539 καῖ
1222 2462 1324 2543 οὕτως

227 2579 340 2661 πόλιν
363 2583 420 2661 ε’πῖ
443 2579 509 2679 τήν
533 2589 606 2661 τῶν
628 2581 923 2682 ἀναγνωσμάτων
944 2585 1137 2687 τραπέντες
1158 2584 1321 2684 πολυμό-

226 2715 334 2806 θειαν,
352 2706 402 2809 μή
421 2706 632 2807 μισήσωσιν
649 2708 715 2791 ἕως
732 2709 788 2788 ivr>
805 2706 849 2789 τό
867 2711 924 2787 ἀπ’
944 2712 1053 2790 αὐτοῦ
1070 2709 1359 2814 τοχναῷμενονιο

225 2834 392 2934 ἀνόμημα
419 2833 477 2912 διὰ
497 2831 673 2912 πλειόνων
697 2830 927 2937 ἐξήχηθέντες
949 2833 1142 2935 ὁρμήσωσι
1163 2843 1319 2942 τετυφο·

224 2961 334 3059 μένοι,
367 2960 427 3043 οὓς
458 2964 620 3066 φρικποῖς
651 2958 859 3058 καταδήσας
886 2957 1059 3062 πρότερον
1090 2960 1214 3063 ὅρκοις
1241 2961 1322 3061 μήτε

223 3084 371 3187 ἐξειπεῖν
397 3085 486 3185 μήτε
519 3087 722 3181 ἀποστῆναι
755 3088 945 3185 ὁμολογεῖν
976 3083 1205 3185 ἀναγκάσας,
1236 3090 1321 3167 οὕτω

223 3214 448 3315 παραδίδωσι
482 3209 527 3290 τά
561 3209 618 3290 ὑπ’
648 3210 756 3288 αὐτοῦ
788 3210 1005 3315 ἐφευρημένα
1035 3209 1127 3309 μετὰ
1158 3216 1322 3309 ἀσεβείας

222 3337 415 3441 μυστήρια,
436 3342 486 3435 πῆ
510 3336 587 3434 μὲν,
603 3333 696 3413 καθὰ
713 3335 940 3436 προείπομεν,
956 3335 1080 3435 μύθοις
1091 3339 1321 3437 Ἑλληνικοῖς
1328 3368 1341 3408 ι
1343 3360 1357 3423 5

221 3462 531 3569 χρησάμενος,πῂ
556 3463 593 3541 δὲ
617 3462 960 3563 παραπεποιημένοις
986 3464 1159 3561 βιβλίοις,
1180 3464 1274 3545 κατά
1289 3500 1320 3545 τι

220 3590 509 3693 παρεμφαίνουσι
526 3595 603 3671 ταῖς
618 3586 884 3689 προειρημέναις
897 3587 1089 3690 αἱρέσεσιν.
1125 3596 1176 3670 Oi
1193 3590 1320 3675 πῶιτες

220 3711 292 3815 γάρ
320 3714 370 3790 ένὶ
397 3713 569 3812 πνεύματι
596 3713 873 3811 συνωθούμενοι,
894 3718 941 3797 εἷς
959 3716 1021 3793 ἕνα
1044 3714 1160 3808 βυθὸν
1182 3718 1320 3821 ἀμάρας

220 3835 451 3936 συνάγονται,
471 3837 582 3914 ἄλλοι
600 3837 726 3921 ἄλλως
743 3836 788 3916 τὰ
816 3837 906 3916 αύτά
928 3840 1150 3939 διηγούμενοι
1176 3848 1235 3923 καὶ
1252 3880 1316 3942 μυ·

220 3959 390 4056 θεύοντες,
411 3960 506 4038 οὗτοι
526 3958 562 4038 δὲ
590 3962 696 4045 ἰδίως·
729 3960 761 4040 οῖ
782 3959 911 4047 πάντες
930 3962 1158 4049 Γνωστικοδς
1175 3965 1356 4053 εἀντούςιο

260 4180 746 4257 5.Τὶια1αοταοςίοαῐοιιἸουστῖνος.
830 4202 878 4242 21.
895 4185 967 4241 cod.
977 4186 1156 4256 τετυπωμένα.

262 4264 289 4320 8.
305 4262 336 4321 S.
346 4261 454 4319 Matth.
469 4261 507 4325 Χ,
520 4275 547 4335 5.
828 4282 875 4337 30.
890 4266 963 4323 cod.
978 4269 1012 4322 01.

266 4344 309 4401 18.
324 4343 395 4400 eod.
410 4344 541 4411 κατάλυμά
553 4365 588 4399 τι.
