2782 4972
318 318 382 386 156
758 314 976 380 ORIGENIS

319 477 463 572 πάντες,
485 480 542 555 καὶ
567 478 631 554 οὐκ
656 474 911 573 ἠκολούθησαν
935 480 1010 558 τοῖς
1028 472 1156 575 λόγοις
1174 483 1247 554 τοῦ
1275 470 1389 574 Rapo*

322 602 383 685 οὓς
400 601 596 679 ἐνετείλατο
613 598 782 695 Ἐλωείμ.
828 594 884 677 Τδ
901 604 1105 677 τελευταῖον
1122 596 1168 700 ἐξ
1185 600 1381 698 ἀκροβυοτ

323 726 515 833 προφήτην
541 721 734 827 ἐπελέξατο
751 721 910 822 Ἐλωεὶμ
936 720 1002 803 τδν
1018 723 1216 826 Ἡρακλέα
1240 727 1303 803 καὶ
1327 723 1385 803 ἕπε

323 860 408 961 φιν,
433 852 493 930 ἵνα
518 847 601 934 τοὺς
629 847 764 927 δῶδεκα
790 847 969 949 άγγελους
995 854 1059 948 τῆς
1086 847 1201 948 Ἐδέμ
1231 882 1377 949 καταγω

324 1013 433 1078 σηται
465 981 523 1056 καὶ
560 975 782 1079 ἐλευθερώσῃ
813 973 878 1055 τὸν
909 975 1047 1078 πατέρα
1078 973 1154 1055 ἀπὸ
1187 982 1267 1055 τῶν
1306 973 1364 1044 οἰ

325 1104 492 1206 ἀγγέλων
518 1107 582 1201 τῆς
609 1104 757 1185 κτίσεως
784 1108 857 1181 τῶν
883 1108 1062 1205 πονηρῶν.
1120 1100 1255 1181 Ταῦτά
1281 1104 1359 1182 ἐστι

326 1231 460 1310 δώδεκα
478 1227 575 1309 ἆθλα
591 1237 656 1308 τοῦ
673 1228 911 1329 Ἡρακλέους,
931 1226 957 1306 ἃ
974 1229 1258 1329 κατηγωνίσατο
1276 1233 1298 1309 ὁ
1313 1230 1363 1308 Ἡ
1373 1273 1391 1298 ο

326 1361 417 1455 κλῆς
440 1361 485 1459 τῇ
513 1352 625 1458 τάξει,
646 1352 718 1434 ἀπὸ
746 1363 810 1433 τοῦ
832 1354 977 1457 πρῶτον
1001 1354 1066 1439 ἕως
1086 1353 1266 1459 ἐσχάτου,
1289 1355 1352 1435 λέο

326 1486 384 1561 καὶ
413 1485 535 1584 ὕδραν,
556 1485 614 1559 καὶ
637 1477 788 1583 κάπρον,
809 1481 867 1558 καὶ
891 1476 978 1559 τᾶέ
1008 1484 1055 1565 ”ς.
1106 1487 1198 1560 Τῶν
1222 1483 1338 1560 ἐθνῶν
1389 1533 1391 1550 1

326 1605 411 1687 εἶναι
440 1615 553 1686 ταῦτα
579 1606 627 1686 τὰ
658 1604 816 1706 ὀνόματα
843 1603 867 1683 ἃ
893 1603 1180 1706 μετωνόμασται,
1203 1611 1340 1714 φασὶν,
1366 1611 1387 1676 1'·

326 1739 390 1831 τῆς
407 1733 579 1836 ἐνεργείας
596 1739 669 1812 τῶν
686 1740 866 1835 μητρικῶν
884 1733 1065 1834 ἀγγέλων.
1100 1734 1169 1818 Ὡς
1188 1733 1306 1813 ἐδόκει
1323 1769 1356 1813 ιο

326 1861 514 1961 γωνίσθαι,
543 1858 810 1961 προσπλέκεται
842 1861 938 1965 αὐτῷ
967 1860 991 1957 ἡ
1019 1858 1217 1965 Ὀμφάλη,
1251 1862 1329 1960 ἥτις
1363 1862 1383 1933 ἰ

329 1984 455 2082 Βάβελ
483 1986 505 2084 ἡ
532 1986 745 2091 Ἀφροδίτη,
775 1987 834 2064 καὶ
862 1985 1031 2089 θποσόρει
1056 1983 1121 2065 τδν
1147 1988 1347 2089 Ἡρακλέα
1388 2037 1391 2056 .

328 2111 555 2193 ἀποδιδόσκει
582 2109 648 2208 τὴν
676 2109 824 2211 δύναμιν
852 2114 972 2207 αι’ποῡ,
993 2110 1058 2197 τὰς
1083 2112 1238 2199 ἐντολάς
1264 2125 1331 2195 τοῦ
1368 2130 1378 2186 ²

327 2237 432 2344 ροδχ,
448 2238 491 2323 ἃς
507 2239 701 2318 ἐνετείλατο
715 2237 885 2338 Ἐλωεὶμ,
901 2243 959 2317 καὶ
975 2239 1239 2337 μετενδιδύσκει
1257 2239 1377 2340 τὴνίδ

328 2368 436 2462 αὐτῆς
468 2362 622 2461 στολὴν,
655 2363 817 2444 τουτέστι
849 2363 915 2462 τὴν
947 2364 1095 2464 δυ’ναμιν
1127 2371 1195 2465 τῆς
1223 2366 1340 2467 Ἐδέμ

328 2488 424 2569 κάτω
452 2486 643 2587 δυνάμεως,
673 2495 731 2568 καὶ
760 2492 871 2575 οὕτως
900 2489 1029 2590 ἀτελὴς
1055 2492 1194 2594 ἐγένετο
1220 2504 1292 2575 τοῦ
1315 2497 1382 2575 Ἡ

330 2615 456 2698 κλέους
473 2616 496 2713 ἡ
513 2617 712 2722 προφητεία
739 2621 796 2695 καὶ
814 2616 860 2697 τὰ
884 2617 972 2721 ἔργα
992 2621 1112 2700 αι’τοῦ.
1164 2619 1221 2700 Τδ
1247 2621 1290 2702 δὲ
1312 2634 1375 2703 τελ

329 2749 428 2824 ταῖον
453 2745 491 2821 ἐν
512 2748 589 2827 ταῖς
606 2742 751 2845 ἡμέραις
768 2742 937 2845 Ἡρώδου
954 2754 1019 2825 τοῦ
1036 2746 1235 2844 βασιλέως,
1258 2749 1312 2828 πέ

331 2873 351 2950 ὁ
380 2866 537 2973 Βαροὺχ,
559 2874 821 2973 καταπεμφθεὶς
848 2868 961 2949 πάλιν
991 2869 1060 2951 ὑπὸ
1087 2880 1152 2952 τοῦ
1177 2874 1357 2976 Ἐλωεὶμ,
1388 2927 1391 2936 ‹

237 3031 278 3098 57
296 3035 321 3077 v.
330 2996 446 3075 ἐλθὼν
473 3000 520 3079 είς
545 2992 710 3097 Ναζαρέτ
732 2995 809 3097 εὗρε
834 2993 899 3076 τόν
918 2998 1065 3096 Ἰησοῦν
1093 2995 1168 3079 υίδν
1196 3009 1265 3080 τοῦ
1292 3001 1368 3081 Ἰ,

332 3125 389 3201 καὶ
408 3124 565 3224 Μαρίοις,
586 3117 770 3214 βόσκοντα
792 3120 960 3225 πρόβατα
977 3124 1162 3228 παιδάριον
1182 3130 1391 3209 δυωδεκαετ

330 3250 389 3327 καὶ
410 3246 628 3348 ἀναγγέλλει
647 3248 743 3352 αὐτῷ
761 3250 820 3327 ἀπ’
841 3251 953 3354 ἀρχῆς
971 3249 1090 3331 πάντα
1109 3251 1182 3331 ὅσα
1199 3253 1344 3353 ἐγένετο
1368 3258 1382 3324 τ’

330 3379 394 3473 τῆς
419 3372 528 3474 Ἐδέμ
553 3376 611 3452 καὶ
641 3382 705 3453 τοῦ
733 3371 890 3474 Ἐλωεὶμ
916 3373 1007 3475 μετὰ
1032 3386 1145 3458 ταῦτα
1170 3377 1346 3478 ἐσόμενα,
1388 3432 1391 3441 ‹

331 3498 416 3598 εἷπε,
437 3512 458 3548 “
472 3499 611 3584 Πάντες
629 3505 661 3578 οἱ
678 3498 750 3602 πρό
766 3510 837 3580 σοῦ
855 3508 1038 3609 προφῆται
1054 3504 1299 3608 ἐπεσθρησαν.
1346 3514 1384 3588 Π
1390 3568 1391 3572 =

330 3624 455 3727 ράθητι
475 3628 550 3722 οὖν,
572 3627 696 3725 Ἰησοῦ
715 3626 765 3706 υίέ
783 3628 985 3730 ἀνθρώπου,
1004 3628 1056 3730 μὴ
1075 3634 1315 3734 θποσυρῆναι,
1339 3679 1346 3705 ι

331 3748 488 3853 κήρυξον
505 3760 633 3831 τοῦτον
651 3751 715 3832 τὸν
734 3751 848 3854 λόγον
865 3761 939 3840 τοῖς
957 3756 1159 3858 ἀνθρώπως
1176 3761 1236 3836 καὶ
1261 3758 1334 3839 άνά

332 3891 400 3957 λον
418 3879 536 3960 αὐτοῖς
554 3876 599 3956 τοὶ
620 3885 700 3983 περὶ
718 3891 782 3961 τοῦ
803 3882 939 3985 πατρὸς
956 3888 1014 3964 καί
1032 3881 1078 3964 τὰ
1095 3888 1175 3987 περὶ
1192 3894 1258 3965 τοῦ
1276 3889 1389 3986 ἀγαθ

332 4009 389 4085 καὶ
413 4002 581 4099 ἀνάβαινε
606 4004 697 4108 πρὸς
715 4005 780 4088 τόν
803 4007 940 4111 ἀγαθόν
966 4013 1024 4089 καὶ
1041 4009 1152 4091 κάθου
1170 4013 1243 4090 ἐκεῖ
1255 4010 1349 4111 μετὰ

330 4130 475 4212 πάντων
493 4133 593 4230 ἡμῶν
610 4131 747 4235 πατρός
765 4136 950 4236 Ἐλωείμ.”
1002 4140 1074 4217 Καὶ
1093 4137 1274 4238 ὑπήκουσε
1290 4143 1344 4246 τῷ
1369 4143 1384 4209 ι’

373 4320 420 4392 38.
436 4320 508 4377 Cod.
524 4325 547 4376 οἱ
561 4324 643 4395 λόγοι,
785 4322 833 4379 ὁι.
850 4324 919 4399 Leg.
929 4326 1040 4395 Ἐλοκὶμ
1054 4324 1094 4381 καί
1107 4328 1139 4381 τὰ
1154 4325 1213 4382 τίνι
1227 4330 1259 4382 τά
1272 4350 1301 4382 τε
1313 4333 1381 4397 μετά

372 4401 420 4458 62.
437 4402 513 4459 Fort.
529 4403 702 4477 ὑπισόρησαν.
