2782 4972
260 304 323 366 128
704 298 919 365 ORIGENIS
1320 298 1378 361 VJ

259 462 344 537 σίαν
374 459 530 564 ἀτέχνως
560 469 871 564 τεχνολογοῦντες,
903 456 1066 559 μεγάλης
1099 456 1253 557 πλάνης
1284 456 1380 549 {md-3

259 589 358 663 θεσιν
388 581 649 685 ἐπεισάγοντες,
678 582 1003 688 ἐξελεγχθήσοισαι
1034 578 1109 660 σῦν
1139 586 1188 685 τῇ
1223 582 1360 685 ἡμετέρᾳ

257 711 432 813 ἐμμελείᾳ.
481 708 786 811 Ἀντιπαραθῦσω
817 707 889 811 γάρ
915 711 961 813 τῇ
989 708 1273 813 προλελεγμένῃ
1298 714 1358 787 τόν

258 834 497 936 ἀστρολόγων
515 837 706 938 Χαλδαῦκῇ
723 834 829 939 τέχνῃ
851 834 926 913 ἔνια
950 839 1024 911 τιῦν
1044 838 1263 935 Περατικῶν
1279 868 1354 913 συν·

258 957 462 1061 ταγμάτων,
491 959 553 1067 ἀφ’
585 956 636 1039 ὦν
666 957 814 1063 ῦπάρξει
846 959 1113 1061 συγκρίνοντος
1145 963 1354 1056 κατανοῆσαι

258 1093 336 1171 πῶς
353 1092 386 1165 οἱ
405 1084 562 1189 Περάται
581 1084 686 1186 λόγοι
703 1092 776 1164 τῶν
801 1083 1039 1187 ἀστρολόγων
1065 1086 1383 1186 ὁμολογουμείιος4ο

259 1216 364 1307 εἰσὶν,
386 1214 427 1290 ού
445 1217 622 1314 Χριστοῦ.

202 1366 252 1437 14
316 1344 427 1418 Δοκεῖ
455 1339 517 1416 οὖν
550 1337 755 1440 παρατάξαι
791 1339 875 1435 μίαν
907 1335 986 1415 τινά
1021 1340 1096 1414 τῶν
1129 1338 1218 1439 παρ’
1249 1340 1352 1421 αύτοῐς

259 1461 503 1566 δοξαζομένων
516 1465 660 1557 βίβλων
673 1460 746 1568 ἐνῇ
762 1463 870 1563 λέγει·
890 1474 917 1510 “
929 1459 998 1562 ἐγὼ
1016 1457 1125 1567 φωνὴ
1141 1458 1351 1564 ἐξυπνισμοῦ

257 1592 295 1667 ἐν
317 1596 368 1693 τῷ
390 1593 489 1666 αιίῦνι
514 1593 578 1687 τῆς
602 1587 737 1675 νυκτός·
769 1586 897 1670 λοιπὸν
924 1587 1079 1692 ἄρχομαι
1108 1596 1275 1685 γυμνοῦν
1298 1584 1352 1684 τὴν

256 1713 419 1793 ἀπὸτοῦ
447 1711 556 1817 χάους
585 1714 744 1813 δύναμιν.
802 1716 852 1792 Ἡ
883 1710 1028 1811 δύναμις
1057 1720 1124 1791 τοῦ
1155 1713 1378 1807 ἀβυσσικοῦις

255 1838 367 1920 θόλου
384 1841 407 1938 ἡ
425 1838 487 1919 τόν
505 1838 625 1938 πηλὸν
650 1837 955 1939 ἀναβαστάζιυσα
973 1845 1036 1917 τοῦ
1060 1837 1254 1944 ἀφθάρτου
1271 1845 1349 1945 ἀχα-

257 1975 337 2051 νοῦς
356 1965 549 2067 διῦγρου,ἡ
566 1974 630 2043 τοῦ
648 1964 869 2063 σπάσματος
887 1964 956 2063 όλη
976 1962 1124 2062 δύναμις
1143 1966 1352 2072 ῦδατόχρονς

256 2095 446 2191 ἀεικίνητος
464 2090 627 2197 φέρουσα
644 2090 690 2170 τὰ
707 2091 870 2188 μένοντα,
891 2090 1092 2195 κατέχουσα
1108 2090 1160 2171 τά
1177 2093 1352 2195 τρέμοντα

257 2217 470 2298 ἀπολύουσα
488 2215 533 2296 τά
551 2214 733 2320 ἐρχόμενα,
752 2213 973 2321 κουφίζουσα
989 2215 1035 2295 τὰ
1052 2216 1219 2315 μένοντα,
1238 2226 1352 2299 καθα·

256 2352 373 2444 ροῦσα
403 2343 449 2421 τὰ
481 2340 652 2445 αὔξοντα,
684 2339 797 2439 πιστὴ
829 2340 1013 2440 οἰκονόμος
1041 2350 1106 2421 τοῦ
1139 2344 1263 2450 ἴχνους
1290 2352 1383 2430 τῶνεο

257 2466 423 2568 ἀέρων,ἡ
451 2466 496 2547 τά
524 2467 776 2571 ἀνερευγόμενα
804 2466 876 2547 ἀπό
904 2474 976 2546 τιῦν
1001 2466 1135 2547 διόδεκα
1159 2473 1356 2577 ὀφθαλμόν

257 2594 405 2689 ἐντολῆς
441 2592 691 2690 ἀπολαύουσα,
732 2597 921 2698 σφραγῖδα
958 2596 1124 2691 δηλοῦσα
1162 2593 1257 2697 πρὸς
1297 2594 1355 2693 τὴν

257 2717 330 2817 μετ’
357 2721 474 2797 αῦτῶν
507 2724 766 2816 οἱκονομοῦσαν
798 2725 871 2797 τῶν
902 2719 1164 2824 ἐπιφερομένων
1200 2721 1356 2825 ἀορότων

260 2842 396 2924 ῦδάτων
422 2844 582 2943 δύναμιν,
602 2844 736 2944 ἐκλήθη
760 2842 948 2925 θάλασσα.
999 2844 1144 2945 Ταύτην
1163 2845 1233 2945 τὴν
1255 2847 1353 2927 δύνα-

258 3006 319 3069 μιν
337 2971 359 3068 ἡ
378 2972 543 3071 ἀγνωσία
564 2966 714 3049 ἐκάλεσε
733 2969 886 3073 Κρόνον,
908 2974 1052 3069 δεσμοῖς
1075 2974 1353 3077 φρουρούμενον,
1362 3000 1388 3059 55

259 3097 330 3174 ἐπεὶ
348 3093 501 3200 ἔσφιγγε
519 3094 561 3175 τό
585 3094 809 3197 ούμπλεγμα
826 3106 890 3176 τοῦ
907 3105 1042 3177 πυκνοῦ
1059 3101 1118 3176 καὶ
1136 3099 1355 3205 όμιχλάδους

261 3220 397 3320 ἀδήλου
423 3232 605 3301 σκοτεινοῦ
632 3220 820 3327 ταμτάρου.
861 3223 1003 3321 Ταύτης
1029 3222 1193 3323 ἐγένοντο
1219 3228 1293 3305 κατ’
1310 3232 1352 3304 εὶ·

166 3372 208 3437 43
224 3346 349 3427 νκόνα
388 3346 546 3455 Κηφεύς,
579 3347 801 3451 Προμηθεύς,
830 3349 999 3434 Ἰαπετός.
1059 3349 1226 3451 Δύναμις
1256 3387 1352 3433 πεπι-

262 3471 436 3573 στευμένη
450 3472 516 3572 τὴν
529 3472 726 3554 θάλασσαν
746 3470 993 3576 ἀρρενόθηλυς,
1005 3471 1027 3571 ἣ
1041 3470 1104 3551 τόν
1117 3474 1354 3580 ἀνατρέχοντα

260 3598 439 3702 συριγμὸν
466 3598 538 3679 ἀπὸ
562 3606 634 3679 τῶν
663 3598 796 3676 δόδεκα
820 3595 1013 3695 στομάτων
1038 3604 1112 3681 τοῖς
1135 3599 1272 3680 διόδεκα
1293 3603 1388 3678 αῦοο

260 3727 400 3809 λίσκοις
419 3724 626 3827 ἁρμόζουσα
645 3724 797 3829 διαχύνει
816 3720 929 3821 λεπτὴ
949 3724 1042 3802 οῦσα
1061 3728 1118 3801 καὶ
1136 3731 1351 3829 καθαιροῦσα

259 3847 325 3946 τὴν
343 3848 566 3952 κατέχουσαν
585 3848 726 3952 λόβρον
743 3846 940 3956 ἀναφορὰν,
959 3852 1016 3927 καὶ
1035 3848 1228 3954 οφραγίζει
1246 3856 1349 3954 ἀτρα-

302 4153 353 4211 39.
370 4135 441 4192 Cod.
457 4137 642 4208 συγκρίνοντες.
830 4138 888 4211 leg.
905 4140 1043 4193 στείνοντο.

300 4234 350 4287 40.
366 4216 442 4272 Fort.
458 4216 514 4289 leg.
530 4222 657 4287 Περατῶν.
870 4218 918 4291 56.
935 4216 1008 4273 cod.
1023 4221 1068 4287 τῆς
1082 4236 1134 4291 ρτο
1146 4224 1201 4274 τοῦ.

300 4297 348 4366 48.
362 4299 394 4353 τὰ
406 4296 511 4367 μένοντα
525 4296 569 4352 bis
581 4296 667 4353 habet
677 4296 767 4354 codex
778 4318 786 4363 ;
871 4314 918 4372 59.
934 4296 1006 4353 Cod.
1021 4297 1037 4367 ἢ
1051 4316 1103 4371 pro
1116 4300 1140 4365 ἤ.

260 4377 371 4434 delend.
382 4377 427 4434 vel
437 4376 501 4441 hoc,
511 4377 554 4434 vel
567 4376 644 4443 illud,
657 4385 705 4433 aut
719 4376 786 4433 fort.
870 4378 918 4432 61.
935 4375 1006 4433 cod.
1022 4376 1133 4448 δαχῦνει.
