<?xml version="1.0" encoding="UTF-8"?>
<!DOCTYPE html PUBLIC "-//W3C//DTD XHTML 1.0 Transitional//EN"
    "http://www.w3.org/TR/xhtml1/DTD/xhtml1-transitional.dtd">
<html xmlns="http://www.w3.org/1999/xhtml" xml:lang="en" lang="en">
 <head>
  <title>
</title>
<meta http-equiv="Content-Type" content="text/html;charset=utf-8" />
  <meta name='ocr-system' content='tesseract 3.04.00' />
  <meta name='ocr-capabilities' content='ocr_page ocr_carea ocr_par ocr_line ocrx_word'/>
</head>
<body>
  <div class='ocr_page' id='page_1' title='image "./origenisphiloso00origgoog_0199.png"; bbox 0 0 2782 4972; ppageno 0'>
   <div class='ocr_carea' id='block_1_1' title="bbox 375 326 1030 392">
    <p class='ocr_par' dir='ltr' id='par_1_1' title="bbox 375 326 1030 392">
     <span class='ocr_line' id='line_1_1' title="bbox 375 326 1030 392; baseline -0.002 0"><span class='ocrx_word' id='word_1_1' title='bbox 375 328 437 391; x_wconf 81' lang='lat'>180</span> <span class='ocrx_word' id='word_1_2' title='bbox 815 326 1030 392; x_wconf 81' lang='lat' dir='ltr'><strong>ORIGENIS</strong></span> 
     </span>
    </p>
   </div>
   <div class='ocr_carea' id='block_1_2' title="bbox 279 482 1391 720">
    <p class='ocr_par' dir='ltr' id='par_1_2' title="bbox 279 482 1391 720">
     <span class='ocr_line' id='line_1_2' title="bbox 279 482 1391 585; baseline -0.007 -14"><span class='ocrx_word' id='word_1_3' title='bbox 279 502 321 581; x_wconf 86' lang='grc'>69</span> <span class='ocrx_word' id='word_1_4' title='bbox 330 519 355 560; x_wconf 84' lang='lat' dir='ltr'>r·</span> <span class='ocrx_word' id='word_1_5' title='bbox 373 498 437 571; x_wconf 87' lang='grc' dir='ltr'>τοῦ</span> <span class='ocrx_word' id='word_1_6' title='bbox 455 487 599 583; x_wconf 83' lang='grc' dir='ltr'>παντὸς,</span> <span class='ocrx_word' id='word_1_7' title='bbox 615 490 662 571; x_wconf 87' lang='grc' dir='ltr'>ῶς</span> <span class='ocrx_word' id='word_1_8' title='bbox 679 487 832 585; x_wconf 83' lang='grc' dir='ltr'>εἴπομεν,</span> <span class='ocrx_word' id='word_1_9' title='bbox 844 493 892 571; x_wconf 86' lang='grc' dir='ltr'>εῖς</span> <span class='ocrx_word' id='word_1_10' title='bbox 907 486 1034 585; x_wconf 81' lang='grc' dir='ltr'>νοητόν</span> <span class='ocrx_word' id='word_1_11' title='bbox 1053 490 1112 565; x_wconf 86' lang='grc' dir='ltr'>καὶ</span> <span class='ocrx_word' id='word_1_12' title='bbox 1130 482 1318 583; x_wconf 77' lang='grc' dir='ltr'>αἰσθητὸν</span> <span class='ocrx_word' id='word_1_13' title='bbox 1385 529 1391 554; x_wconf 73' lang='grc' dir='ltr'>ι</span> 
     </span>
     <span class='ocr_line' id='line_1_3' title="bbox 374 610 1391 720; baseline -0.006 -26"><span class='ocrx_word' id='word_1_14' title='bbox 374 616 500 720; x_wconf 77' lang='grc' dir='ltr'>ἔχομεν</span> <span class='ocrx_word' id='word_1_15' title='bbox 528 617 585 691; x_wconf 76' lang='grc' dir='ltr'>καὶ</span> <span class='ocrx_word' id='word_1_16' title='bbox 613 615 710 712; x_wconf 64' lang='grc' dir='ltr'>ἡμεῖς</span> <span class='ocrx_word' id='word_1_17' title='bbox 740 611 813 692; x_wconf 80' lang='grc' dir='ltr'>ἀπό</span> <span class='ocrx_word' id='word_1_18' title='bbox 843 622 907 692; x_wconf 92' lang='grc' dir='ltr'>τοῦ</span> <span class='ocrx_word' id='word_1_19' title='bbox 937 622 1065 711; x_wconf 81' lang='grc' dir='ltr'>νοητοῦ</span> <span class='ocrx_word' id='word_1_20' title='bbox 1093 610 1159 692; x_wconf 81' lang='grc' dir='ltr'>τὸν</span> <span class='ocrx_word' id='word_1_21' title='bbox 1187 612 1328 711; x_wconf 90' lang='grc' dir='ltr'>λόγον,</span> <span class='ocrx_word' id='word_1_22' title='bbox 1352 612 1391 677; x_wconf 34' lang='lat'>&#39;1</span> 
     </span>
    </p>
   </div>
   <div class='ocr_carea' id='block_1_3' title="bbox 278 735 1391 4225">
    <p class='ocr_par' dir='ltr' id='par_1_3' title="bbox 278 735 1391 4225">
     <span class='ocr_line' id='line_1_4' title="bbox 375 735 1375 846; baseline -0.004 -28"><span class='ocrx_word' id='word_1_23' title='bbox 375 738 476 846; x_wconf 77' lang='grc' dir='ltr'>λόγῳ</span> <span class='ocrx_word' id='word_1_24' title='bbox 503 736 569 836; x_wconf 81' lang='grc' dir='ltr'>τὴν</span> <span class='ocrx_word' id='word_1_25' title='bbox 595 745 668 817; x_wconf 85' lang='grc' dir='ltr'>τῶν</span> <span class='ocrx_word' id='word_1_26' title='bbox 695 745 832 837; x_wconf 86' lang='grc' dir='ltr'>νοητῶν</span> <span class='ocrx_word' id='word_1_27' title='bbox 860 740 918 816; x_wconf 79' lang='grc' dir='ltr'>καὶ</span> <span class='ocrx_word' id='word_1_28' title='bbox 945 735 1151 835; x_wconf 74' lang='grc' dir='ltr'>ἀσωμάτων</span> <span class='ocrx_word' id='word_1_29' title='bbox 1176 741 1237 816; x_wconf 80' lang='grc' dir='ltr'>καὶ</span> <span class='ocrx_word' id='word_1_30' title='bbox 1268 738 1375 816; x_wconf 79' lang='grc' dir='ltr'>θείων</span> 
     </span>
     <span class='ocr_line' id='line_1_5' title="bbox 374 859 1353 967; baseline -0.002 -24"><span class='ocrx_word' id='word_1_31' title='bbox 374 864 555 963; x_wconf 81' lang='grc' dir='ltr'>πτεύωμεν</span> <span class='ocrx_word' id='word_1_32' title='bbox 574 864 713 943; x_wconf 81' lang='grc' dir='ltr'>οὐσίαν.</span> <span class='ocrx_word' id='word_1_33' title='bbox 776 859 972 961; x_wconf 82' lang='grc' dir='ltr'>Αῖσθήσεις</span> <span class='ocrx_word' id='word_1_34' title='bbox 990 859 1040 959; x_wconf 84' lang='grc' dir='ltr'>δέ,</span> <span class='ocrx_word' id='word_1_35' title='bbox 1062 864 1195 967; x_wconf 78' lang='grc' dir='ltr'>φησὶν,</span> <span class='ocrx_word' id='word_1_36' title='bbox 1215 862 1353 967; x_wconf 79' lang='grc' dir='ltr'>ἔχομεν</span> 
     </span>
     <span class='ocr_line' id='line_1_6' title="bbox 375 983 1349 1097; baseline -0.006 -26"><span class='ocrx_word' id='word_1_37' title='bbox 375 992 574 1097; x_wconf 82' lang='grc' dir='ltr'>ὄσφρησιν,</span> <span class='ocrx_word' id='word_1_38' title='bbox 603 989 743 1091; x_wconf 81' lang='grc' dir='ltr'>ὅρασιν,</span> <span class='ocrx_word' id='word_1_39' title='bbox 773 983 897 1085; x_wconf 78' lang='grc' dir='ltr'>ἀκοὴν,</span> <span class='ocrx_word' id='word_1_40' title='bbox 921 995 1046 1085; x_wconf 89' lang='grc' dir='ltr'>γεῦσιν</span> <span class='ocrx_word' id='word_1_41' title='bbox 1077 988 1136 1063; x_wconf 80' lang='grc' dir='ltr'>καὶ</span> <span class='ocrx_word' id='word_1_42' title='bbox 1169 984 1289 1091; x_wconf 80' lang='grc' dir='ltr'>ἁφήν.</span> <span class='ocrx_word' id='word_1_43' title='bbox 1339 986 1349 1011; x_wconf 81' lang='grc'><strong><em>’</em></strong></span> 
     </span>
     <span class='ocr_line' id='line_1_7' title="bbox 374 1111 1384 1215; baseline -0.006 -20"><span class='ocrx_word' id='word_1_44' title='bbox 374 1122 447 1195; x_wconf 90' lang='grc' dir='ltr'>τῶν</span> <span class='ocrx_word' id='word_1_45' title='bbox 473 1119 656 1211; x_wconf 76' lang='grc' dir='ltr'>αἰσθητῶν</span> <span class='ocrx_word' id='word_1_46' title='bbox 680 1111 854 1215; x_wconf 83' lang='grc' dir='ltr'>ἐρχόμεθα</span> <span class='ocrx_word' id='word_1_47' title='bbox 879 1114 927 1194; x_wconf 89' lang='grc' dir='ltr'>εῖς</span> <span class='ocrx_word' id='word_1_48' title='bbox 953 1116 1103 1209; x_wconf 86' lang='grc' dir='ltr'>γνῶσιν,</span> <span class='ocrx_word' id='word_1_49' title='bbox 1124 1112 1186 1187; x_wconf 85' lang='grc' dir='ltr'>καὶ</span> <span class='ocrx_word' id='word_1_50' title='bbox 1216 1111 1384 1215; x_wconf 74' lang='grc' dir='ltr'>οῦτω,φ</span> 
     </span>
     <span class='ocr_line' id='line_1_8' title="bbox 375 1232 1384 1342; baseline -0.005 -22"><span class='ocrx_word' id='word_1_51' title='bbox 375 1242 453 1320; x_wconf 83' lang='grc' dir='ltr'>ἐστὶ</span> <span class='ocrx_word' id='word_1_52' title='bbox 473 1236 679 1342; x_wconf 73' lang='grc' dir='ltr'>διῃρημένος·</span> <span class='ocrx_word' id='word_1_53' title='bbox 703 1233 874 1334; x_wconf 74' lang='grc' dir='ltr'>αἰσθητός</span> <span class='ocrx_word' id='word_1_54' title='bbox 892 1232 964 1314; x_wconf 79' lang='grc' dir='ltr'>ἀπὸ</span> <span class='ocrx_word' id='word_1_55' title='bbox 988 1244 1053 1315; x_wconf 89' lang='grc' dir='ltr'>τοῦ</span> <span class='ocrx_word' id='word_1_56' title='bbox 1078 1242 1209 1333; x_wconf 82' lang='grc' dir='ltr'>νοητοῦ</span> <span class='ocrx_word' id='word_1_57' title='bbox 1238 1234 1384 1335; x_wconf 91' lang='grc' dir='ltr'>κόσμου</span> 
     </span>
     <span class='ocr_line' id='line_1_9' title="bbox 376 1356 1365 1467; baseline -0.004 -25"><span class='ocrx_word' id='word_1_58' title='bbox 376 1365 429 1443; x_wconf 83' lang='grc' dir='ltr'>ὅτι</span> <span class='ocrx_word' id='word_1_59' title='bbox 466 1364 590 1467; x_wconf 65' lang='grc' dir='ltr'>ἔχομεν</span> <span class='ocrx_word' id='word_1_60' title='bbox 627 1362 797 1462; x_wconf 80' lang='grc' dir='ltr'>γνώσεως</span> <span class='ocrx_word' id='word_1_61' title='bbox 829 1361 984 1463; x_wconf 82' lang='grc' dir='ltr'>ὄργανον</span> <span class='ocrx_word' id='word_1_62' title='bbox 1019 1357 1110 1462; x_wconf 75' lang='grc' dir='ltr'>πρὸς</span> <span class='ocrx_word' id='word_1_63' title='bbox 1139 1356 1316 1462; x_wconf 77' lang='grc' dir='ltr'>ε’κάτερον</span> <span class='ocrx_word' id='word_1_64' title='bbox 1358 1404 1365 1428; x_wconf 68' lang='grc' dir='ltr'>ι</span> 
     </span>
     <span class='ocr_line' id='line_1_10' title="bbox 376 1485 1369 1591; baseline -0.005 -21"><span class='ocrx_word' id='word_1_65' title='bbox 376 1494 532 1570; x_wconf 82' lang='grc' dir='ltr'>ἐντεῦθεν</span> <span class='ocrx_word' id='word_1_66' title='bbox 556 1495 794 1585; x_wconf 83' lang='grc' dir='ltr'>κατανοῶμεν.</span> <span class='ocrx_word' id='word_1_67' title='bbox 845 1485 976 1583; x_wconf 77' lang='grc' dir='ltr'>Οὐδὲν,</span> <span class='ocrx_word' id='word_1_68' title='bbox 996 1486 1103 1591; x_wconf 84' lang='grc' dir='ltr'>φησῖ,</span> <span class='ocrx_word' id='word_1_69' title='bbox 1123 1491 1200 1563; x_wconf 92' lang='grc' dir='ltr'>τῶν</span> <span class='ocrx_word' id='word_1_70' title='bbox 1223 1494 1369 1585; x_wconf 86' lang='grc' dir='ltr'>νοητῶν</span> 
     </span>
     <span class='ocr_line' id='line_1_11' title="bbox 375 1609 1357 1712; baseline -0.005 -18"><span class='ocrx_word' id='word_1_71' title='bbox 375 1612 466 1694; x_wconf 83' lang='grc' dir='ltr'>στὸν</span> <span class='ocrx_word' id='word_1_72' title='bbox 498 1614 581 1711; x_wconf 83' lang='grc' dir='ltr'>ἡμῖν</span> <span class='ocrx_word' id='word_1_73' title='bbox 618 1612 763 1692; x_wconf 87' lang='grc' dir='ltr'>δύναται</span> <span class='ocrx_word' id='word_1_74' title='bbox 794 1611 961 1712; x_wconf 79' lang='grc' dir='ltr'>γενέσθω</span> <span class='ocrx_word' id='word_1_75' title='bbox 994 1610 1035 1688; x_wconf 85' lang='grc' dir='ltr'>δι’</span> <span class='ocrx_word' id='word_1_76' title='bbox 1060 1609 1286 1709; x_wconf 68' lang='grc' dir='ltr'>αἰσθήσεως.</span> <span class='ocrx_word' id='word_1_77' title='bbox 1348 1611 1357 1636; x_wconf 88' lang='grc'><strong>’</strong></span> 
     </span>
     <span class='ocr_line' id='line_1_12' title="bbox 374 1733 1391 1845; baseline 0 -28"><span class='ocrx_word' id='word_1_78' title='bbox 374 1738 447 1842; x_wconf 81' lang='grc' dir='ltr'>γὰρ</span> <span class='ocrx_word' id='word_1_79' title='bbox 466 1744 544 1819; x_wconf 81' lang='grc' dir='ltr'>οὔτε</span> <span class='ocrx_word' id='word_1_80' title='bbox 568 1737 759 1845; x_wconf 78' lang='grc' dir='ltr'>ὀφθαλμός</span> <span class='ocrx_word' id='word_1_81' title='bbox 782 1733 883 1834; x_wconf 78' lang='grc' dir='ltr'>εἶδεν,</span> <span class='ocrx_word' id='word_1_82' title='bbox 903 1739 982 1815; x_wconf 71' lang='grc' dir='ltr'>οὔτε</span> <span class='ocrx_word' id='word_1_83' title='bbox 1005 1737 1067 1820; x_wconf 83' lang='grc' dir='ltr'>οῦς</span> <span class='ocrx_word' id='word_1_84' title='bbox 1084 1735 1258 1833; x_wconf 80' lang='grc' dir='ltr'>ἤκουσεν,</span> <span class='ocrx_word' id='word_1_85' title='bbox 1283 1739 1358 1817; x_wconf 77' lang='grc' dir='ltr'>οὔτ’</span> <span class='ocrx_word' id='word_1_86' title='bbox 1384 1780 1391 1808; x_wconf 83' lang='lat'><em>=</em></span> 
     </span>
     <span class='ocr_line' id='line_1_13' title="bbox 375 1861 1382 1974; baseline -0.002 -28"><span class='ocrx_word' id='word_1_87' title='bbox 375 1870 482 1974; x_wconf 83' lang='grc' dir='ltr'>φησὶ,</span> <span class='ocrx_word' id='word_1_88' title='bbox 512 1872 584 1944; x_wconf 90' lang='grc' dir='ltr'>τῶν</span> <span class='ocrx_word' id='word_1_89' title='bbox 616 1864 744 1942; x_wconf 78' lang='grc' dir='ltr'>ἄλλων</span> <span class='ocrx_word' id='word_1_90' title='bbox 776 1861 981 1962; x_wconf 71' lang='grc' dir='ltr'>αἰσθήσεων</span> <span class='ocrx_word' id='word_1_91' title='bbox 1012 1865 1258 1959; x_wconf 75' lang='grc' dir='ltr'>οἱαδητισοῦν.</span> <span class='ocrx_word' id='word_1_92' title='bbox 1327 1865 1382 1944; x_wconf 83' lang='grc' dir='ltr'>Ο’</span> 
     </span>
     <span class='ocr_line' id='line_1_14' title="bbox 374 1988 1391 2098; baseline -0.014 -26"><span class='ocrx_word' id='word_1_93' title='bbox 374 1991 487 2072; x_wconf 84' lang='grc' dir='ltr'>πόλιν</span> <span class='ocrx_word' id='word_1_94' title='bbox 511 1997 563 2098; x_wconf 76' lang='grc' dir='ltr'>τῷ</span> <span class='ocrx_word' id='word_1_95' title='bbox 587 1989 690 2096; x_wconf 74' lang='grc' dir='ltr'>λόγῳ</span> <span class='ocrx_word' id='word_1_96' title='bbox 712 1993 760 2073; x_wconf 81' lang='grc' dir='ltr'>εἷς</span> <span class='ocrx_word' id='word_1_97' title='bbox 782 1994 922 2087; x_wconf 92' lang='grc' dir='ltr'>γνῶσιν</span> <span class='ocrx_word' id='word_1_98' title='bbox 944 1992 1016 2066; x_wconf 87' lang='grc' dir='ltr'>τῶν</span> <span class='ocrx_word' id='word_1_99' title='bbox 1040 1992 1227 2085; x_wconf 76' lang='grc' dir='ltr'>αἰσθητῶν</span> <span class='ocrx_word' id='word_1_100' title='bbox 1250 1992 1326 2095; x_wconf 76' lang='grc' dir='ltr'>οὐχ</span> <span class='ocrx_word' id='word_1_101' title='bbox 1350 1988 1391 2069; x_wconf 75' lang='lat'>0‘</span> 
     </span>
     <span class='ocr_line' id='line_1_15' title="bbox 374 2109 1379 2213; baseline -0.003 -16"><span class='ocrx_word' id='word_1_102' title='bbox 374 2121 489 2197; x_wconf 80' lang='grc' dir='ltr'>ἐλθεῖν</span> <span class='ocrx_word' id='word_1_103' title='bbox 506 2115 613 2213; x_wconf 84' lang='grc' dir='ltr'>τινός,</span> <span class='ocrx_word' id='word_1_104' title='bbox 634 2112 734 2193; x_wconf 84' lang='grc' dir='ltr'>ἀλλά</span> <span class='ocrx_word' id='word_1_105' title='bbox 757 2117 810 2191; x_wconf 86' lang='grc' dir='ltr'>δεῖ</span> <span class='ocrx_word' id='word_1_106' title='bbox 832 2113 884 2191; x_wconf 77' lang='grc' dir='ltr'>ότι</span> <span class='ocrx_word' id='word_1_107' title='bbox 912 2109 1039 2191; x_wconf 87' lang='grc' dir='ltr'>λευκόν</span> <span class='ocrx_word' id='word_1_108' title='bbox 1065 2113 1165 2190; x_wconf 80' lang='grc' dir='ltr'>ἐστιν</span> <span class='ocrx_word' id='word_1_109' title='bbox 1192 2117 1296 2210; x_wconf 80' lang='grc' dir='ltr'>ἰδεῖν,</span> <span class='ocrx_word' id='word_1_110' title='bbox 1318 2119 1379 2194; x_wconf 80' lang='grc' dir='ltr'>καὶ</span> 
     </span>
     <span class='ocr_line' id='line_1_16' title="bbox 375 2235 1387 2342; baseline -0.011 -19"><span class='ocrx_word' id='word_1_111' title='bbox 375 2250 514 2323; x_wconf 85' lang='grc' dir='ltr'>σασθαι</span> <span class='ocrx_word' id='word_1_112' title='bbox 532 2242 586 2322; x_wconf 82' lang='grc' dir='ltr'>ότι</span> <span class='ocrx_word' id='word_1_113' title='bbox 605 2238 734 2342; x_wconf 78' lang='grc' dir='ltr'>γλυκὺ,</span> <span class='ocrx_word' id='word_1_114' title='bbox 755 2243 814 2318; x_wconf 75' lang='grc' dir='ltr'>καὶ</span> <span class='ocrx_word' id='word_1_115' title='bbox 839 2238 893 2318; x_wconf 83' lang='grc' dir='ltr'>ότι</span> <span class='ocrx_word' id='word_1_116' title='bbox 911 2239 1044 2316; x_wconf 81' lang='grc' dir='ltr'>δίκαιον</span> <span class='ocrx_word' id='word_1_117' title='bbox 1061 2235 1084 2335; x_wconf 82' lang='grc' dir='ltr'>ἢ</span> <span class='ocrx_word' id='word_1_118' title='bbox 1102 2237 1230 2317; x_wconf 83' lang='grc' dir='ltr'>ἀδικον</span> <span class='ocrx_word' id='word_1_119' title='bbox 1248 2243 1323 2320; x_wconf 86' lang='grc' dir='ltr'>ἀκο</span> <span class='ocrx_word' id='word_1_120' title='bbox 1335 2241 1360 2315; x_wconf 66' lang='grc' dir='ltr'>ἰ</span> <span class='ocrx_word' id='word_1_121' title='bbox 1380 2289 1387 2312; x_wconf 60' lang='grc' dir='ltr'>ι</span> 
     </span>
     <span class='ocr_line' id='line_1_17' title="bbox 373 2364 1387 2464; baseline -0.01 -20"><span class='ocrx_word' id='word_1_122' title='bbox 373 2366 505 2444; x_wconf 76' lang='grc' dir='ltr'>εἰδέναι.</span> <span class='ocrx_word' id='word_1_123' title='bbox 567 2370 640 2443; x_wconf 83' lang='grc' dir='ltr'>Καὶ</span> <span class='ocrx_word' id='word_1_124' title='bbox 663 2365 696 2443; x_wconf 77' lang='grc' dir='ltr'>εἴ</span> <span class='ocrx_word' id='word_1_125' title='bbox 715 2399 749 2444; x_wconf 89' lang='grc' dir='ltr'>τι</span> <span class='ocrx_word' id='word_1_126' title='bbox 772 2370 845 2444; x_wconf 87' lang='grc' dir='ltr'>τῶν</span> <span class='ocrx_word' id='word_1_127' title='bbox 869 2367 995 2461; x_wconf 89' lang='grc' dir='ltr'>ὀσμῶν</span> <span class='ocrx_word' id='word_1_128' title='bbox 1022 2365 1121 2441; x_wconf 83' lang='grc' dir='ltr'>ε’στὶν</span> <span class='ocrx_word' id='word_1_129' title='bbox 1149 2365 1284 2448; x_wconf 80' lang='grc' dir='ltr'>εὐῶδες</span> <span class='ocrx_word' id='word_1_130' title='bbox 1312 2364 1338 2464; x_wconf 80' lang='grc' dir='ltr'>ἢ</span> <span class='ocrx_word' id='word_1_131' title='bbox 1371 2368 1387 2434; x_wconf 57' lang='grc' dir='ltr'>τ’</span> 
     </span>
     <span class='ocr_line' id='line_1_18' title="bbox 372 2487 1389 2596; baseline 0 -25"><span class='ocrx_word' id='word_1_132' title='bbox 372 2489 591 2595; x_wconf 77' lang='grc' dir='ltr'>ὀσφρήσεως</span> <span class='ocrx_word' id='word_1_133' title='bbox 609 2491 727 2594; x_wconf 77' lang='grc' dir='ltr'>ἔργον,</span> <span class='ocrx_word' id='word_1_134' title='bbox 750 2493 791 2569; x_wconf 84' lang='grc' dir='ltr'>οὐ</span> <span class='ocrx_word' id='word_1_135' title='bbox 809 2487 935 2589; x_wconf 86' lang='grc' dir='ltr'>λόγου.</span> <span class='ocrx_word' id='word_1_136' title='bbox 984 2488 1173 2573; x_wconf 85' lang='grc' dir='ltr'>Ὡσαύτως</span> <span class='ocrx_word' id='word_1_137' title='bbox 1194 2488 1233 2567; x_wconf 73' lang='grc' dir='ltr'>δὲ</span> <span class='ocrx_word' id='word_1_138' title='bbox 1260 2491 1337 2596; x_wconf 83' lang='grc' dir='ltr'>ἔχει</span> <span class='ocrx_word' id='word_1_139' title='bbox 1355 2528 1389 2571; x_wconf 70' lang='grc' dir='ltr'>κι</span> 
     </span>
     <span class='ocr_line' id='line_1_19' title="bbox 372 2612 1305 2721; baseline 0 -28"><span class='ocrx_word' id='word_1_140' title='bbox 372 2621 436 2715; x_wconf 77' lang='grc' dir='ltr'>τῆς</span> <span class='ocrx_word' id='word_1_141' title='bbox 454 2618 562 2721; x_wconf 73' lang='grc' dir='ltr'>ἀφῇς·</span> <span class='ocrx_word' id='word_1_142' title='bbox 585 2615 749 2719; x_wconf 83' lang='grc' dir='ltr'>σκληρὸν</span> <span class='ocrx_word' id='word_1_143' title='bbox 766 2613 839 2717; x_wconf 81' lang='grc' dir='ltr'>γὰρ</span> <span class='ocrx_word' id='word_1_144' title='bbox 856 2612 879 2713; x_wconf 82' lang='grc' dir='ltr'>ἢ</span> <span class='ocrx_word' id='word_1_145' title='bbox 898 2612 1054 2710; x_wconf 82' lang='grc' dir='ltr'>ἁπαλόν,</span> <span class='ocrx_word' id='word_1_146' title='bbox 1071 2612 1093 2711; x_wconf 82' lang='grc' dir='ltr'>ἢ</span> <span class='ocrx_word' id='word_1_147' title='bbox 1113 2612 1261 2715; x_wconf 79' lang='grc' dir='ltr'>θερμόν,</span> <span class='ocrx_word' id='word_1_148' title='bbox 1280 2615 1305 2714; x_wconf 82' lang='grc' dir='ltr'>ἦ</span> 
     </span>
     <span class='ocr_line' id='line_1_20' title="bbox 374 2740 1383 2847; baseline -0.004 -24"><span class='ocrx_word' id='word_1_149' title='bbox 374 2746 440 2847; x_wconf 82' lang='grc' dir='ltr'>οὐχ</span> <span class='ocrx_word' id='word_1_150' title='bbox 468 2741 541 2821; x_wconf 85' lang='grc' dir='ltr'>οῖόν</span> <span class='ocrx_word' id='word_1_151' title='bbox 570 2777 608 2822; x_wconf 87' lang='grc' dir='ltr'>τε</span> <span class='ocrx_word' id='word_1_152' title='bbox 636 2744 735 2820; x_wconf 80' lang='grc' dir='ltr'>ἐστὶν</span> <span class='ocrx_word' id='word_1_153' title='bbox 767 2741 973 2820; x_wconf 86' lang='grc' dir='ltr'>ἀκούσαντα</span> <span class='ocrx_word' id='word_1_154' title='bbox 1002 2740 1141 2836; x_wconf 75' lang='grc' dir='ltr'>εἰδέναι,</span> <span class='ocrx_word' id='word_1_155' title='bbox 1169 2740 1277 2819; x_wconf 78' lang='grc' dir='ltr'>ἀλλὰ</span> <span class='ocrx_word' id='word_1_156' title='bbox 1308 2742 1383 2846; x_wconf 75' lang='grc' dir='ltr'>γὰρ</span> 
     </span>
     <span class='ocr_line' id='line_1_21' title="bbox 373 2864 1365 2972; baseline -0.008 -24"><span class='ocrx_word' id='word_1_157' title='bbox 373 2867 543 2949; x_wconf 77' lang='grc' dir='ltr'>τοιούτων</span> <span class='ocrx_word' id='word_1_158' title='bbox 566 2870 644 2946; x_wconf 85' lang='grc' dir='ltr'>ε’στὶ</span> <span class='ocrx_word' id='word_1_159' title='bbox 668 2867 824 2968; x_wconf 85' lang='grc' dir='ltr'>κρίσιςὴ</span> <span class='ocrx_word' id='word_1_160' title='bbox 850 2866 939 2972; x_wconf 77' lang='grc' dir='ltr'>ἁφή.</span> <span class='ocrx_word' id='word_1_161' title='bbox 996 2864 1143 2944; x_wconf 87' lang='grc' dir='ltr'>Τούτων</span> <span class='ocrx_word' id='word_1_162' title='bbox 1171 2867 1290 2951; x_wconf 75' lang='grc' dir='ltr'>οὕτως</span> <span class='ocrx_word' id='word_1_163' title='bbox 1349 2908 1365 2940; x_wconf 72' lang='grc' dir='ltr'>ιι</span> 
     </span>
     <span class='ocr_line' id='line_1_22' title="bbox 374 2989 1391 3092; baseline 0 -19"><span class='ocrx_word' id='word_1_164' title='bbox 374 2993 498 3090; x_wconf 89' lang='grc' dir='ltr'>κότων,</span> <span class='ocrx_word' id='word_1_165' title='bbox 533 2994 555 3090; x_wconf 85' lang='grc' dir='ltr'><em>ἡ</em></span> <span class='ocrx_word' id='word_1_166' title='bbox 590 2989 828 3090; x_wconf 74' lang='grc' dir='ltr'>διακόσμησις</span> <span class='ocrx_word' id='word_1_167' title='bbox 855 2999 928 3071; x_wconf 91' lang='grc' dir='ltr'>τῶν</span> <span class='ocrx_word' id='word_1_168' title='bbox 954 2990 1156 3092; x_wconf 77' lang='grc' dir='ltr'>γεγονότων</span> <span class='ocrx_word' id='word_1_169' title='bbox 1189 2995 1249 3069; x_wconf 78' lang='grc' dir='ltr'>καὶ</span> <span class='ocrx_word' id='word_1_170' title='bbox 1282 3027 1391 3092; x_wconf 90' lang='grc' dir='ltr'>γινο</span> 
     </span>
     <span class='ocr_line' id='line_1_23' title="bbox 373 3114 1383 3222; baseline 0 -25"><span class='ocrx_word' id='word_1_171' title='bbox 373 3122 609 3222; x_wconf 83' lang='grc' dir='ltr'>ἀριθμητικῶς</span> <span class='ocrx_word' id='word_1_172' title='bbox 633 3116 799 3217; x_wconf 72' lang='grc' dir='ltr'>γινομένη</span> <span class='ocrx_word' id='word_1_173' title='bbox 824 3123 1010 3220; x_wconf 86' lang='grc' dir='ltr'>θεωρεῖται.</span> <span class='ocrx_word' id='word_1_174' title='bbox 1052 3114 1128 3195; x_wconf 86' lang='grc' dir='ltr'>Ὃν</span> <span class='ocrx_word' id='word_1_175' title='bbox 1146 3114 1221 3218; x_wconf 85' lang='grc' dir='ltr'>γάρ</span> <span class='ocrx_word' id='word_1_176' title='bbox 1238 3118 1383 3220; x_wconf 84' lang='grc' dir='ltr'>τρόπον</span> 
     </span>
     <span class='ocr_line' id='line_1_24' title="bbox 372 3240 1367 3345; baseline -0.008 -21"><span class='ocrx_word' id='word_1_177' title='bbox 372 3244 526 3342; x_wconf 90' lang='grc' dir='ltr'>μονάδος</span> <span class='ocrx_word' id='word_1_178' title='bbox 544 3241 737 3345; x_wconf 76' lang='grc' dir='ltr'>ἀρξάμενοι</span> <span class='ocrx_word' id='word_1_179' title='bbox 756 3242 846 3322; x_wconf 87' lang='grc' dir='ltr'>κατά</span> <span class='ocrx_word' id='word_1_180' title='bbox 863 3241 1075 3344; x_wconf 69' lang='grc' dir='ltr'>προσθήκην</span> <span class='ocrx_word' id='word_1_181' title='bbox 1092 3240 1261 3340; x_wconf 78' lang='grc' dir='ltr'>μονάδων</span> <span class='ocrx_word' id='word_1_182' title='bbox 1278 3242 1306 3341; x_wconf 86' lang='grc' dir='ltr'>ἢ</span> <span class='ocrx_word' id='word_1_183' title='bbox 1326 3281 1367 3326; x_wconf 69' lang='grc' dir='ltr'>τι</span> 
     </span>
     <span class='ocr_line' id='line_1_25' title="bbox 373 3365 1370 3471; baseline -0.006 -23"><span class='ocrx_word' id='word_1_184' title='bbox 373 3373 431 3448; x_wconf 80' lang='grc' dir='ltr'>καῖ</span> <span class='ocrx_word' id='word_1_185' title='bbox 463 3378 535 3449; x_wconf 90' lang='grc' dir='ltr'>τῶν</span> <span class='ocrx_word' id='word_1_186' title='bbox 567 3367 651 3471; x_wconf 76' lang='grc' dir='ltr'>ἑξῆς</span> <span class='ocrx_word' id='word_1_187' title='bbox 683 3365 938 3470; x_wconf 64' lang='grc' dir='ltr'>ἀθροιζομένων</span> <span class='ocrx_word' id='word_1_188' title='bbox 970 3371 1128 3469; x_wconf 83' lang='grc' dir='ltr'>ἀριθμῶν</span> <span class='ocrx_word' id='word_1_189' title='bbox 1160 3365 1198 3444; x_wconf 76' lang='grc' dir='ltr'>ἕν</span> <span class='ocrx_word' id='word_1_190' title='bbox 1230 3402 1265 3446; x_wconf 93' lang='grc' dir='ltr'>τι</span> <span class='ocrx_word' id='word_1_191' title='bbox 1308 3414 1318 3440; x_wconf 71' lang='lat'><em>0</em></span> <span class='ocrx_word' id='word_1_192' title='bbox 1346 3370 1370 3442; x_wconf 67' lang='grc' dir='ltr'>ἰ</span> 
     </span>
     <span class='ocr_line' id='line_1_26' title="bbox 371 3489 1361 3595; baseline 0.001 -21"><span class='ocrx_word' id='word_1_193' title='bbox 371 3506 540 3594; x_wconf 83' lang='grc' dir='ltr'>ποιοῦμεν</span> <span class='ocrx_word' id='word_1_194' title='bbox 562 3495 737 3595; x_wconf 77' lang='grc' dir='ltr'>μέγιστον</span> <span class='ocrx_word' id='word_1_195' title='bbox 764 3496 926 3594; x_wconf 90' lang='grc' dir='ltr'>ἀριθμοῦ,</span> <span class='ocrx_word' id='word_1_196' title='bbox 950 3489 1024 3572; x_wconf 80' lang='grc' dir='ltr'>εἶτα</span> <span class='ocrx_word' id='word_1_197' title='bbox 1049 3491 1162 3572; x_wconf 84' lang='grc' dir='ltr'>πόλιν</span> <span class='ocrx_word' id='word_1_198' title='bbox 1188 3493 1263 3572; x_wconf 77' lang='grc' dir='ltr'>ἀπὸ</span> <span class='ocrx_word' id='word_1_199' title='bbox 1292 3504 1361 3575; x_wconf 91' lang='grc' dir='ltr'>τοῦ</span> 
     </span>
     <span class='ocr_line' id='line_1_27' title="bbox 371 3615 1355 3721; baseline 0.001 -26"><span class='ocrx_word' id='word_1_200' title='bbox 371 3618 436 3716; x_wconf 82' lang='grc' dir='ltr'>τὴν</span> <span class='ocrx_word' id='word_1_201' title='bbox 465 3620 636 3699; x_wconf 89' lang='grc' dir='ltr'>σύνθεσιν</span> <span class='ocrx_word' id='word_1_202' title='bbox 663 3616 915 3721; x_wconf 70' lang='grc' dir='ltr'>ἀθροισθέντος</span> <span class='ocrx_word' id='word_1_203' title='bbox 942 3615 1120 3719; x_wconf 69' lang='grc' dir='ltr'>ἀναιρέσει</span> <span class='ocrx_word' id='word_1_204' title='bbox 1145 3618 1213 3696; x_wconf 79' lang='grc' dir='ltr'>τινὶ</span> <span class='ocrx_word' id='word_1_205' title='bbox 1244 3623 1307 3696; x_wconf 87' lang='grc' dir='ltr'>καὶ</span> <span class='ocrx_word' id='word_1_206' title='bbox 1348 3665 1355 3689; x_wconf 71' lang='grc' dir='ltr'>ι</span> 
     </span>
     <span class='ocr_line' id='line_1_28' title="bbox 371 3743 1362 3849; baseline -0.008 -27"><span class='ocrx_word' id='word_1_207' title='bbox 371 3751 507 3849; x_wconf 78' lang='grc' dir='ltr'>γισμῴ,</span> <span class='ocrx_word' id='word_1_208' title='bbox 539 3744 649 3823; x_wconf 80' lang='grc' dir='ltr'>λύσιν</span> <span class='ocrx_word' id='word_1_209' title='bbox 681 3752 754 3823; x_wconf 90' lang='grc' dir='ltr'>τῶν</span> <span class='ocrx_word' id='word_1_210' title='bbox 786 3743 1025 3825; x_wconf 82' lang='grc' dir='ltr'>συνεστώτων</span> <span class='ocrx_word' id='word_1_211' title='bbox 1055 3746 1293 3844; x_wconf 85' lang='grc' dir='ltr'>ἀριθμητικῶς</span> <span class='ocrx_word' id='word_1_212' title='bbox 1327 3780 1362 3824; x_wconf 75' lang='grc' dir='ltr'>ε.</span> 
     </span>
     <span class='ocr_line' id='line_1_29' title="bbox 372 3874 474 3966; baseline 0 -20"><span class='ocrx_word' id='word_1_213' title='bbox 372 3874 474 3966; x_wconf 86' lang='grc' dir='ltr'>μεθα.</span> 
     </span>
     <span class='ocr_line' id='line_1_30' title="bbox 311 3994 1381 4101; baseline 0 -28"><span class='ocrx_word' id='word_1_214' title='bbox 311 4010 361 4088; x_wconf 79' lang='grc'>25</span> <span class='ocrx_word' id='word_1_215' title='bbox 429 3995 537 4073; x_wconf 81' lang='grc' dir='ltr'>Οὕτω</span> <span class='ocrx_word' id='word_1_216' title='bbox 570 3997 665 4099; x_wconf 82' lang='grc' dir='ltr'>φησὶ</span> <span class='ocrx_word' id='word_1_217' title='bbox 698 3999 756 4073; x_wconf 86' lang='grc' dir='ltr'>καὶ</span> <span class='ocrx_word' id='word_1_218' title='bbox 787 3996 851 4076; x_wconf 84' lang='grc' dir='ltr'>τόν</span> <span class='ocrx_word' id='word_1_219' title='bbox 883 3994 1021 4095; x_wconf 87' lang='grc' dir='ltr'>κόσμον</span> <span class='ocrx_word' id='word_1_220' title='bbox 1058 3999 1277 4101; x_wconf 88' lang='grc' dir='ltr'>ἀριθμητικῷ</span> <span class='ocrx_word' id='word_1_221' title='bbox 1310 4000 1381 4075; x_wconf 85' lang='grc' dir='ltr'>τινὶ</span> 
     </span>
     <span class='ocr_line' id='line_1_31' title="bbox 278 4120 1384 4225; baseline 0.003 -27"><span class='ocrx_word' id='word_1_222' title='bbox 278 4127 319 4209; x_wconf 87' lang='grc'>69</span> <span class='ocrx_word' id='word_1_223' title='bbox 335 4148 362 4190; x_wconf 81' lang='lat' dir='ltr'>v·</span> <span class='ocrx_word' id='word_1_224' title='bbox 370 4125 534 4225; x_wconf 76' lang='grc' dir='ltr'>μουσικῷ</span> <span class='ocrx_word' id='word_1_225' title='bbox 551 4122 673 4225; x_wconf 86' lang='grc' dir='ltr'>δεσμῷ</span> <span class='ocrx_word' id='word_1_226' title='bbox 687 4122 869 4221; x_wconf 73' lang='grc' dir='ltr'>δεδεμένον</span> <span class='ocrx_word' id='word_1_227' title='bbox 887 4120 1043 4202; x_wconf 84' lang='grc' dir='ltr'>ε’ττιτάσει</span> <span class='ocrx_word' id='word_1_228' title='bbox 1062 4122 1120 4198; x_wconf 81' lang='grc' dir='ltr'>καῖ</span> <span class='ocrx_word' id='word_1_229' title='bbox 1138 4120 1255 4199; x_wconf 66' lang='grc' dir='ltr'>ἀνέσει</span> <span class='ocrx_word' id='word_1_230' title='bbox 1275 4125 1337 4199; x_wconf 76' lang='grc' dir='ltr'>καὶ</span> <span class='ocrx_word' id='word_1_231' title='bbox 1354 4156 1384 4201; x_wconf 88' lang='grc' dir='ltr'>π</span> 
     </span>
    </p>
   </div>
   <div class='ocr_carea' id='block_1_4' title="bbox 494 4380 1349 4456">
    <p class='ocr_par' dir='ltr' id='par_1_4' title="bbox 494 4380 1349 4456">
     <span class='ocr_line' id='line_1_32' title="bbox 494 4380 1349 4456; baseline -0.004 -19"><span class='ocrx_word' id='word_1_232' title='bbox 494 4381 541 4455; x_wconf 77' lang='lat'>58.</span> <span class='ocrx_word' id='word_1_233' title='bbox 557 4381 627 4437; x_wconf 71' lang='lat' dir='ltr'>(lod.</span> <span class='ocrx_word' id='word_1_234' title='bbox 643 4382 822 4451; x_wconf 81' lang='grc' dir='ltr'>ε’πιπτιύωμεν.</span> <span class='ocrx_word' id='word_1_235' title='bbox 1001 4382 1049 4437; x_wconf 84' lang='lat'>62.</span> <span class='ocrx_word' id='word_1_236' title='bbox 1067 4381 1136 4456; x_wconf 58' lang='grc' dir='ltr'>[τες.</span> <span class='ocrx_word' id='word_1_237' title='bbox 1155 4380 1197 4454; x_wconf 81' lang='grc' dir='ltr'>[ὁ]</span> <span class='ocrx_word' id='word_1_238' title='bbox 1214 4382 1349 4451; x_wconf 72' lang='grc' dir='ltr'>αῖσθητός.</span> 
     </span>
    </p>
   </div>
   <div class='ocr_carea' id='block_1_5' title="bbox 0 0 1396 4965">
    <p class='ocr_par' dir='ltr' id='par_1_5' title="bbox 0 0 1396 4965">
     <span class='ocr_line' id='line_1_33' title="bbox 0 0 1396 4965; baseline 0 0"><span class='ocrx_word' id='word_1_239' title='bbox 0 0 1396 4965; x_wconf 95' lang='lat' dir='ltr'> </span> 
     </span>
    </p>
   </div>
  </div>
 </body>
</html>
