2782 4972
113 312 178 374 300
554 302 771 368 ORIGENIS
1157 306 1280 370 lxm-

113 468 214 547 ἔνδον
231 462 509 560 συνεστιώμενοι
527 461 793 567 ἀμφιέννυνται,
814 462 1032 561 ἀποθέμενοι
1057 466 1106 546 ὡς
1123 461 1217 565 ίεράς,

116 595 185 670 εἰσὶ
204 588 240 667 δὲ
259 596 367 684 λινοῖ,
387 586 453 672 τάς
470 589 507 665 ε’ν
525 591 570 692 τῇ
587 587 731 694 προόδῳ
748 584 865 666 πάλιν
889 587 1217 687 ἀναλαμβάνοντες,

116 720 172 798 ἐπὶ
196 715 241 795 τὰ
266 716 359 819 φίλα
384 713 472 815 έργα
497 716 658 814 ὁρμῶσιν
681 713 748 797 ἕως
771 714 903 812 δείλης.
965 714 1220 794 Δειπνοῦσιδέ

118 844 244 941 ὁμοίως
272 847 346 924 τοῖς
373 839 634 941 προειρημένοις
661 838 780 917 πάντα
806 839 1041 938 ποιήσαντες.
1101 844 1221 925 Οὐδεὶς

119 966 155 1045 δὲ
181 966 325 1045 πώποτε
353 961 561 1067 κραυγάσει,
583 964 610 1061 ἠ’
631 999 685 1048 τις
708 964 808 1066 ἑτέρα
831 964 1049 1067 θορυβώδης
1071 970 1239 1045 ἀκολου-ι

118 1091 266 1191 θήσεται
285 1086 401 1195 φωνὴ,
417 1088 529 1192 ἡρέμα
547 1088 584 1165 δὲ
602 1089 746 1167 ἕκαστοι
764 1097 979 1186 λαλοῦντες,
997 1088 1220 1194 εὐσχημόνως

120 1218 236 1318 ἕτερος
253 1223 304 1321 τῷ
328 1214 433 1321 ἑτέρη)
450 1212 517 1312 τὴν
541 1216 684 1313 ὁμιλίαν
706 1214 913 1318 συνεχώρει,
934 1218 986 1299 ὡς
1004 1222 1081 1301 τοῖς
1097 1214 1220 1319 ἔξωθεν

121 1343 319 1444 μυστήριόν
352 1376 386 1420 τι
419 1342 699 1448 καταφαίνεσθαι
726 1338 793 1438 τὴν
824 1347 898 1419 τῶν
930 1342 1038 1422 ἔνδον
1069 1344 1216 1442 σιωπήν.

124 1468 300 1574 Νήφουσι
328 1464 364 1544 δὲ
394 1464 546 1546 πάντοτε
577 1465 696 1545 πάντα
725 1466 843 1572 μέτρῳ
870 1471 930 1546 καὶ
958 1470 1141 1553 ἐσθίοντες
1168 1473 1240 1557 κοῖς

122 1596 296 1677 πίνοντες.

60 1746 110 1803 22
180 1719 319 1805 Πάντες
337 1719 401 1818 μὲν
426 1721 490 1799 οὖν
509 1727 561 1826 τῷ
584 1725 785 1823 προεστῶτι
807 1720 1129 1826 προσέχουσι,κά
1154 1722 1218 1801 ὅσα

122 1847 279 1927 κελεύσει
304 1851 352 1932 ὡς
377 1846 473 1953 νόμην
498 1848 689 1926 πείθονται.
738 1845 1017 1927 Ἐσπουδάκασι
1043 1847 1117 1951 γὰρ
1136 1846 1218 1950 πρὸς

121 1972 164 2055 τὸ
191 1978 299 2053 ἐλεεῖν
326 1977 383 2051 καὶ
413 1979 557 2071 βοηθεῖν
583 1980 657 2056 τοῖς
684 1973 1017 2070 καταπονουμένοις.
1080 1971 1218 2077 Πρὸδὲ

121 2099 267 2180 πάντων
299 2102 408 2201 ὀργῆς
440 2099 615 2202 ἀπέχουσι
648 2103 705 2177 καὶ
736 2105 850 2197 θυμοῦ
883 2104 943 2178 καὶ
975 2099 1126 2180 πάντων
1153 2106 1256 2179 τῶνιο

123 2228 265 2324 ὁμοίων,
286 2228 461 2319 ἐπίβουλα
479 2235 591 2305 ταῦτα
608 2234 672 2304 τοῦ
695 2224 884 2327 ἀνθρώπου
903 2227 1097 2328 κρίνοντες.
1147 2227 1217 2305 Οὐ·

123 2353 192 2433 δεὶς
217 2350 253 2428 δὲ
280 2352 410 2448 ὄμνυσι
437 2354 521 2453 παρ’
540 2354 671 2448 αὐτοῖς,
699 2351 772 2432 ὅσα
796 2352 825 2429 δ
846 2351 891 2430 ἀν
916 2386 972 2436 τις
998 2353 1095 2459 εἴπῃ,
1120 2361 1219 2433 τοῦτο

124 2475 230 2576 ὁρκον
253 2473 485 2579 ἰσχυρότερον
513 2479 673 2580 κρίνεται.
735 2483 780 2557 Ei
808 2477 844 2556 δὲ
871 2477 997 2576 ὀμόσει
1024 2515 1095 2577 τις,
1116 2515 1216 2559 κατα·

124 2602 335 2702 γινώσκεται
368 2607 416 2688 ὡς
442 2602 492 2703 μὴ
525 2607 733 2691 πιστευθείς.
793 2604 1046 2706 Σπουδοὶζονσι
1081 2606 1117 2684 δὲ
1146 2610 1218 2708 περὶ

123 2729 189 2816 τάς
215 2741 279 2811 τοῦ
308 2732 417 2830 νόμου
447 2731 667 2832 ἀναγνώσεις
694 2736 751 2810 καὶ
782 2738 994 2838 προφητῶν,
1024 2733 1077 2813 ε”τι
1106 2732 1142 2811 δὲ
1167 2735 1217 2810 καὶ
1228 2758 1254 2817 15

124 2857 204 2936 εἴτι
223 2858 416 2958 σύνταγμα
437 2857 487 2956 εἴη
507 2865 658 2937 πιστῶν.
712 2855 816 2937 Πάνυ
834 2854 870 2935 δέ
887 2857 1087 2961 περιέργως
1104 2858 1217 2963 ἔχουσι

123 2987 202 3085 περὶ
226 2983 385 3076 βοτάνας
408 2985 466 3062 καὶ
493 2983 627 3079 λίθους,
647 2981 904 3088 περιεργότεροι
928 2984 1027 3068 ὄντες
1050 2983 1142 3087 πρὸς
1161 2983 1217 3068 τάς

121 3108 258 3188 τούτων
289 3111 473 3213 ἐνεργείας,
505 3106 708 3215 φάσκοντες
737 3107 787 3209 μὴ
819 3108 936 3210 μάτην
969 3120 1087 3191 ταῦτα
1118 3145 1214 3213 γεγο·

123 3234 227 3313 νέναι.

60 3381 110 3458 23
177 3368 264 3445 Τοῖς
280 3361 317 3440 δὲ
333 3363 566 3464 βουλομένοις
583 3368 627 3470 τῇ
646 3365 776 3468 αἱρέσει
794 3364 1002 3464 μαθητεύειν
1019 3367 1085 3444 οὐκ
1103 3364 1255 3447 εὐθέως10

120 3486 185 3570 τάς
202 3488 419 3590 παραδόσεις
436 3500 631 3588 ποιοῦνται,
651 3496 679 3568 εί
698 3489 748 3589 μὴ
766 3489 939 3594 πρότερον
958 3489 1212 3590 δοκιμάσωσιν.

15 3644 76 3692 120
86 3648 110 3691 r.
120 3612 201 3693 Ἐπ’
221 3615 378 3697 ἐνιαυτὸν
407 3617 443 3695 δὲ
467 3616 532 3702 τὰς
557 3620 679 3716 ὁμοίας
703 3616 841 3724 τροφὰς
865 3619 1129 3720 παρατιθέασιν
1151 3618 1216 3721 ἔξω

119 3743 183 3837 τῆς
201 3743 334 3821 ἑαυτῶν
356 3741 511 3823 συνόδου
539 3747 644 3824 οὖσιν
670 3746 707 3823 έν
731 3744 838 3852 ἑτέριρ
866 3744 962 3851 οίκερ,
981 3743 1168 3851 ἀξινάριόν
1183 3776 1216 3823 τε

160 3962 209 4036 96.
226 3961 298 4018 Cod.
314 3963 487 4035 ἄμφιένννται.
689 3965 820 4035 ἀλληλοις.

160 4041 196 4096 ib.
212 4042 326 4115 Joseph.
342 4044 511 4112 καταθέμενοι.
733 4045 800 4120 7-8.
824 4044 915 4102 Scrib-
931 4041 1162 4124 50':b:xt>«t1'›011,
1176 4044 1215 4102 vel

160 4137 208 4195 97.
226 4121 296 4178 Cod.
310 4124 384 4176 λίναι.
689 4127 740 4181 ὅσα
754 4127 860 4182 κελεύει.
1095 4144 1098 4150 “

166 4218 188 4257 ῐ.
210 4202 417 4277 Corrigendum
439 4202 550 4258 videtur
570 4206 645 4260 ἀκον·
734 4225 777 4277 13.
794 4207 866 4264 Cod.
881 4208 994 4277 ὦμίισει.

119 4279 251 4348 σθὴσεται.
732 4305 777 4343 21.
794 4287 866 4344 Cod.
883 4291 936 4344 τοῖς
949 4306 1002 4360 pro
1015 4290 1071 4345 τάς.

158 4376 185 4429 3.
205 4363 283 4420 Fort.
303 4367 440 4436 συγχωρεῖ.
483 4364 643 4438 Josephus:
732 4384 775 4440 23.
803 4367 983 4444 Syllabarum
1008 4369 1089 4425 υυνοδ
1112 4365 1214 4424 tenuis·

116 4438 161 4493 τὰς
175 4443 203 4495 δὲ
217 4446 309 4500 λαλιὰς
323 4443 350 4497 έν
363 4445 433 4513 τάξει
446 4449 646 4516 παραχωροῦσιν
687 4448 759 4504 sima
772 4448 893 4523 vestigia
907 4448 936 4504 in
951 4448 1015 4505 cod.
1058 4446 1212 4522 Josephus:
