2782 4972
136 294 199 358 132
578 288 793 357 ORIGENIS
1213 275 1278 343 V.1⁶

134 455 242 557 φησὶ,
276 448 441 530 τουτέστι
476 448 540 529 τόν
580 448 733 552 Κρόνον,
767 450 878 532 οὐδεὶς
914 453 988 526 τῶν
1026 448 1068 524 ἐν
1106 440 1230 544 γενέσει

135 576 370 655 καθεστώτων
392 580 576 683 διαφυγεῖν
594 575 749 655 δύναται·
778 570 882 677 πάσῃ
900 570 974 675 γὰρ
993 568 1138 672 γενέσει
1154 566 1231 671 πρὸς

135 701 178 782 τὸ
200 706 389 782 ὑποπεσεῖν
407 705 452 806 τῇ
471 707 591 808 φθορᾷ
613 701 723 784 α’ίτιος
741 698 938 805 ἐφέστηκεν
963 701 986 778 ὁ
1006 696 1231 800 Κρόνος,κά

137 831 201 907 οὐκ
234 827 279 907 ἀν
309 826 449 931 γένοιτο
481 826 621 929 γένεσις
651 828 689 905 ἐν
720 824 744 931 ᾗ
780 826 919 930 Κρόνος
953 827 1021 904 οὐκ
1053 821 1228 923 ἐμποδίζει.

137 951 255 1034 Τοῦτό
271 956 359 1050 ἐστι,
373 957 498 1061 φησὶν,
519 953 539 1034 δ
557 955 615 1031 καὶ
638 958 670 1032 οῖ
688 955 831 1052 ποιηταὶ
849 950 1003 1050 λέγουσι
1021 947 1065 1030 τὸ
1085 951 1145 1027 καὶ
1160 945 1258 1034 τοῦς55

136 1078 236 1165 θεοὺς
253 1083 451 1187 ἐκφοφοῦν·

205 1211 298 1285 ''Io-w
315 1213 384 1312 γάρ,
403 1213 507 1314 φησὶ,
524 1214 689 1315 τάδεγαῖα
704 1211 756 1286 καῖ
773 1211 890 1310 οὐρανός
908 1212 994 1310 εόρῖις
1013 1209 1143 1308 ῖνιερθεν·

211 1334 262 1406 καῖ
279 1335 313 1406 τό
330 1334 542 1428 κατειβόμενον
558 1334 677 1433 Στυγός
695 1333 776 1433 ῖδωρ,
795 1335 866 1406 όστε
882 1336 1038 1429 μέγιστος

212 1449 294 1547 άρκος
311 1449 476 1532 δεινότατός
493 1484 526 1524 τε
543 1453 629 1524 πέλει
645 1454 819 1549 μακάρεσσι
838 1459 954 1521 θεοῖσιν.

138 1600 197 1679 Οὐ
223 1595 334 1694 μόνον
362 1597 399 1676 δέ
423 1608 541 1697 τοῦτο,
563 1601 691 1706 φησὶν,
714 1602 745 1677 οῖ
770 1599 911 1696 ποιηταὶ
940 1594 1136 1697 λέγουσιν,
1155 1596 1257 1676 ἀλλ’60

137 1724 205 1823 ἤδη
240 1726 297 1802 καὶ
334 1728 366 1801 οῖ
398 1726 608 1831 σοφώτατοι
640 1731 713 1804 τῶν
743 1723 948 1822 Ἑλλήνων,
979 1719 1034 1800 ὧν
1070 1727 1150 1803 ἐστὶ
1182 1722 1227 1800 καί

138 1848 385 1955 Ἡράκλειτος,
410 1863 436 1898 “
451 1850 532 1949 εῖς,”
559 1848 692 1953 λέγων,
716 1862 743 1898 “
758 1853 883 1955 ψυχῆς
914 1854 943 1926 εί
973 1848 1048 1952 γὰρ
1075 1848 1227 1941 θάνατος,

141 1981 234 2081 ὕδωρ
256 1975 458 2080 γενέσθαι·”
480 1978 595 2070 οὗτος,
613 1979 780 2083 φησὶν,ό
802 1973 955 2058 θάνατος
971 1973 1231 2074 καταλαμβάνω

140 2103 222 2189 τοὺς
242 2104 460 2205 Αἰγυπτίους
483 2104 521 2181 ἐν
539 2103 698 2209 Ἐρυθρᾷ
724 2099 901 2206 θαλάσσῃ
919 2099 1011 2199 μετὰ
1031 2108 1107 2181 τῶν
1128 2097 1230 2205 ἁρμό·

140 2267 212 2310 των
244 2232 373 2309 αὐτῶν.
435 2227 575 2313 Πάντες
607 2230 645 2309 δὲ
680 2233 713 2307 οῖ
746 2231 968 2328 ἀγνοοῦντες,
991 2231 1126 2333 φησὶν,
1154 2228 1263 2317 είσῖνό,

143 2355 341 2455 Αἰγύπτιοι.
385 2358 457 2433 Καὶ
474 2355 580 2435 τοῦτό
598 2359 688 2452 ἐστι,
701 2351 865 2455 λέγουσι,
877 2351 919 2431 τὸ
937 2350 1099 2455 ἐξελθεῖν
1116 2350 1161 2455 ἐξ
1177 2356 1233 2431 Αί-

140 2479 279 2580 γιίπ-του
303 2483 341 2558 ἐκ
365 2481 636 2580 τοῦσώματος.
697 2479 883 2580 Αἴγυπτον
907 2475 979 2580 γάρ
1000 2474 1091 2556 εῖναι
1116 2473 1236 2579 μυιράν

48 2640 91 2708 45
103 2643 131 2686 v.
141 2603 183 2687 τὸ
217 2611 327 2703 σῶμα
359 2605 554 2706 νομίζουσι,
586 2611 643 2685 καὶ
670 2612 826 2708 περᾶσαι
855 2600 920 2701 τὴν
948 2599 1154 2683 θάλασσαν
1180 2597 1237 2697 τὴν

141 2729 332 2836 Ἐρυθρὰν,
342 2729 507 2811 τουτέστι
530 2736 594 2830 τῆς
612 2738 751 2838 φθορᾶς
768 2727 810 2808 τό
831 2730 923 2829 ὕδωρ
945 2726 966 2806 ό
983 2728 1087 2807 ἐστιν
1105 2731 1126 2807 ὁ
1147 2726 1235 2830 Κρό-

143 2895 215 2945 νος·
255 2862 313 2937 καὶ
356 2857 520 2958 γενέσθω
561 2854 675 2959 πέραν
717 2860 781 2954 τῆς
816 2855 993 2956 Ἐρυθρᾶς
1030 2853 1236 2952 θαλάσσης,
1244 2885 1269 2942 7⁰

142 2982 306 3064 τουτέστι
343 2989 406 3082 τῆς
443 2979 629 3085 γενέσεως,
664 2986 723 3060 καὶ
758 2984 873 3060 ἐλθεῖν
908 2984 956 3064 είς
993 2978 1063 3078 τὴν
1099 2982 1235 3085 ἔρημον,

141 3107 327 3190 τουτέστιν
364 3107 435 3212 ἐξω
470 3107 644 3210 γενέσεως
681 3105 862 3209 γενέσθαι,
896 3107 987 3186 όπου
1023 3112 1119 3187 είσὶν
1158 3112 1237 3206 ὁμοῦ

141 3235 270 3322 πάντες
294 3242 326 3315 οί
351 3242 422 3316 θεοὶ
446 3241 510 3335 τῆς
538 3237 716 3319 ἀπωλείας
735 3238 792 3313 καὶ
814 3237 834 3313 ὁ
858 3231 936 3317 θεὸς
956 3238 1021 3332 τῆς
1047 3236 1233 3337 σωτηρίας.

143 3368 229 3443 Εἰσὶ
253 3361 300 3460 δέ,
319 3365 445 3469 φησὶν,
468 3366 500 3440 οῖ
523 3365 594 3441 θεοὶ
619 3366 683 3458 τῆς
706 3360 885 3442 ἀπωλείας
905 3364 936 3437 οί
959 3357 1113 3463 ἀστέρες
1132 3366 1164 3439 οῖ
1180 3364 1236 3457 τῆς

141 3493 370 3586 μεταβλητῆς
397 3484 582 3588 γενέσεως,
606 3483 831 3591 ἐπιφέροντες
855 3492 929 3569 τοῖς
953 3485 1154 3587 γινομένοις
1177 3484 1266 3583 τὴντς

142 3609 313 3710 ἀνάγκην.
367 3612 537 3708 Τούτους,
555 3616 682 3717 φησὶν,
700 3610 848 3691 ἐκάλεσε
869 3616 1036 3710 Mustio-69
1059 3614 1159 3720 ὄφεις
1178 3616 1234 3710 τῆς

142 3734 273 3836 ἐρήμου
301 3734 496 3822 δάκνοντας
523 3742 582 3816 καὶ
609 3739 875 3845 διαφθείροντας
902 3735 985 3822 τοὺς
1012 3736 1233 3842 πεπερακέναι

186 3962 234 4037 56.
260 3964 395 4036 ἐκψοφίω,
420 3983 523 4022 novum
549 3967 670 4023 vocabu·
755 3966 802 4040 58.
819 3964 890 4021 eod.
905 3968 1078 4035 κατιβόμενον.

145 4043 214 4111 lum,
224 4042 365 4116 significat
376 4044 452 4100 haud
464 4046 547 4102 dubie
562 4054 669 4102 terreo:
755 4064 803 4122 59.
819 4044 889 4101 cod.
903 4048 1037 4117 μακάριοι.

145 4122 200 4178 nisi
219 4122 373 4198 legendum
392 4126 529 4196 ἐκφοβοῦν.
566 4130 674 4197 Φρικτὸν
756 4126 804 4183 62.
820 4126 875 4181 Pro
889 4126 975 4198 εῑγὰρ
988 4125 1045 4200 leg.
1059 4125 1097 4194 εἴη
1109 4128 1147 4180 ἄν.

145 4207 199 4261 τοῖς
221 4204 287 4260 θεοῖς
311 4204 347 4260 de
369 4204 469 4260 eodem
489 4204 673 4278 jurejurando
756 4205 804 4262 66.
820 4206 893 4262 Cod.
904 4209 981 4260 τοῦτο
993 4205 1150 4277 ἐπιλέγουσι.

146 4304 212 4359 pag.
226 4298 292 4359 145,
302 4300 350 4357 33.
759 4302 803 4362 77.
820 4286 941 4342 Numer.
957 4284 1040 4350 XXI,
1052 4286 1081 4344 6.

187 4363 571 4439 57.Homer.0d.1·2‚185.
