2782 4972
24 300 89 362 140
467 298 681 363 ORIGENIS
1106 292 1172 371 V.1q

24 471 171 544 ποιεῖται
190 460 233 541 τὸ
251 459 383 545 σκότος
402 464 465 559 τῆς
487 457 770 559 λαμπηδόνος,”
754 492 813 536 ινα
837 457 904 562 ἔχη
934 456 1004 537 τὸν
1029 490 1123 536 σπιν-

25 595 136 744 θῆρα
146 586 362 667 δουλεύοντα
386 621 444 664 και
430 585 658 689 βλεῶιη,
615 620 727 668 ουτως
745 588 983 662 ἀντιποιεῖται
1001 618 1044 662 το
1026 581 1157 687 φῶςη

26 718 83 794 καὶ
100 713 143 795 τὸ
161 723 298 811 πνεῦμα
316 716 380 810 τῆς
398 709 644 808 δυνάμεως
601 745 665 810 της
692 712 842 790 ἑαυτῶν·
865 745 927 790 και
959 708 1124 790 σπεύδων

25 876 88 921 σιν
106 838 189 943 ἀραι
208 873 266 918 και
252 837 575 936 ἀνακομίσασθαι
595 837 687 939 πρὸς
710 834 839 921 ἑαυτάς
866 835 936 920 τάς
964 834 1125 937 μεμιγμέ·

28 1002 90 1051 νας
117 968 234 1044 αὐτῶν
259 961 422 1063 δυνάμεις
439 968 486 1048 είς
504 961 547 1043 τό
572 965 799 1062 ἀποκείμενον
825 965 926 1065 ὕδωρ
954 958 1126 1042 σκοτεινόν

28 1096 85 1172 καὶ
104 1089 274 1198 φοβερόν.
333 1096 459 1169 Πάσαι
478 1088 514 1167 δέ
533 1094 569 1167 αἱ
588 1086 749 1188 δυνάμεις
774 1095 851 1167 τῶν
878 1096 994 1192 τριῶν
1019 1091 1125 1192 ἀρχῶν

29 1219 133 1297 οὖσαι
153 1216 227 1294 κατ’
247 1214 398 1318 ἀριθμῶν
416 1213 596 1318 ἀπειράκις
613 1215 749 1317 ἄπειροι
768 1216 865 1294 εἰσὶν
883 1213 1026 1312 ε’κιίοτη
1049 1209 1158 1291 κατάδο

28 1342 95 1441 τὴν
113 1343 240 1422 οὐσίαν
258 1339 324 1439 τὴν
341 1343 466 1439 ἑαυτῆς
485 1338 665 1447 φρόνιμα,
687 1343 816 1442 νοεραὶ,
839 1343 1076 1442 ἀναρίθμητοι
1090 1336 1124 1415 τδ

30 1472 183 1565 πλῆθος.
245 1463 417 1569 Φρόνιμοι
435 1466 474 1546 δέ
491 1467 597 1547 οὖσαι
615 1468 674 1545 καὶ
692 1468 821 1568 νοεραὶ,
837 1464 987 1545 ε’πειδάν
1003 1465 1123 1563 μένωσι

29 1592 105 1671 κατ’
130 1591 251 1687 αάτάς,
281 1591 505 1698 ἡσυχάζουσι
533 1599 663 1673 πῶσαι·
693 1591 754 1671 ε’ἀν
778 1590 815 1671 δέ
842 1590 1047 1696 πλησιάσῃ
1072 1587 1122 1667 δό·

31 1751 132 1814 ναμις
155 1714 309 1815 δυνάμει,
330 1718 352 1812 ἡ
370 1717 580 1817 ἀνομοιότης
606 1723 671 1817 τῆς
693 1716 929 1821 παραθέσεως
955 1713 1123 1818 ἐργάζεται

30 1844 170 1942 κίνησίν
186 1878 266 1921 τινα
284 1845 341 1921 καὶ
359 1843 544 1946 ἐνέργειαν,
565 1842 637 1923 ἀπὸ
656 1848 720 1942 τῆς
737 1842 913 1941 κινήσεως
940 1848 1155 1947 μεμορφωδη

30 1970 138 2070 μένην
157 1968 247 2049 κατά
264 1967 331 2065 τὴν
349 1967 557 2070 συνδρομὴν
574 1974 638 2067 τῆς
655 1967 888 2070 παραθέσεως
906 1974 985 2046 τῶν
1003 1976 1123 2047 συνελ·

31 2103 174 2175 θουσῶν
194 2092 385 2191 δυνάμεων.
446 2097 584 2174 Γίνεται
606 2093 677 2197 γὰρ
694 2101 767 2174 τῶν
784 2091 974 2192 δυνάμεων
998 2096 1022 2193 ἡ
1046 2126 1123 2173 συν·

32 2220 160 2323 δρομὴ,
197 2223 303 2298 οἱονεί
331 2256 384 2303 τις
416 2219 528 2304 τύπος
555 2223 772 2326 σφραγῖδος,
802 2216 896 2297 κατά
923 2215 1126 2321 συνδρογάγν

32 2344 104 2423 ἀπὸ
132 2349 278 2444 πληγῆς
310 2346 575 2447 παραπλησίως
604 2343 695 2447 πρὸς
724 2341 788 2423 τδν
817 2344 1044 2423 ε’κτιπτοῦντα
1072 2340 1126 2424 τάς

32 2468 296 2573 ἀναφερομένας
332 2474 467 2556 οὐσίας.
538 2471 641 2550 Ἐπεὶ
677 2471 740 2549 οὖν
777 2470 915 2570 ἀπειροι
954 2467 1025 2567 μὲν
1060 2466 1159 2555 κατ’ςο

33 2592 183 2695 ἀριθμὸν
219 2600 291 2673 τῶν
326 2605 435 2698 τριῶν
472 2601 592 2701 ἀρχῶν
626 2601 663 2674 ai
701 2593 875 2694 δυνάμεις,
912 2599 952 2674 ἐκ
991 2593 1031 2674 δὲ
1065 2599 1127 2674 τῶν

19 2722 186 2822 ,ἀπείρων
219 2720 399 2819 δυνάμεων
430 2724 564 2825 ἀπειροι
597 2724 809 2823 συνδρομαὶ,
838 2723 1048 2820 ἀναγκαίως
1075 2753 1125 2821 γε·

33 2848 185 2946 γόνασιν
201 2850 354 2949 ἀπείρων
371 2849 588 2955 σφραγίδων
613 2845 750 2930 εἰκόνες.
812 2846 929 2925 Αδται
955 2848 1023 2925 οὖν
1048 2849 1127 2926 εἰσὶν

33 2978 69 3050 αἱ
97 2974 224 3058 εἰκόνες
251 2979 288 3051 αἱ
314 2980 387 3052 τῶν
412 2972 594 3081 διαφόρων
620 2970 718 3080 ζῴων
736 2972 835 3051 ἰδέαι.
897 2973 1058 3073 Γέγονεν
1075 2973 1128 3051 οδν

33 3102 72 3177 έκ
99 3099 242 3201 πρώτης
271 3107 344 3178 τῶν
368 3107 476 3202 τριῶν
500 3103 621 3204 ἀρχῶν
649 3104 854 3203 συνδρομῆς
880 3099 1051 3202 μεγάλης
1073 3126 1160 3199 μέ·95

34 3221 131 3378 γάλη
159 3260 212 3308 τις
240 3225 325 3321 ἰδέα,
355 3230 518 3332 σφραγὶς
546 3229 697 3380 οὐρανοῦ
719 3229 777 3305 καὶ
801 3230 880 3327 γῆς.
944 3221 1129 3331 Σχῆμαδέ

33 3350 178 3455 ἔχουσιν
206 3356 225 3431 ὁ
253 3350 401 3505 οὐρανός
429 3355 487 3431 καὶ
514 3353 537 3450 ἡ
562 3357 613 3511 γῆ
639 3352 758 3458 μήτρα
784 3350 1106 3502 παραπλήσιον
1073 3384 1129 3431 τον

34 3477 239 3580 ἀμφαλὸν’
222 3513 355 3582 εχουσῃ
374 3478 497 3576 μέσον,
517 3514 575 3558 και
593 3513 632 3575 ει,
612 3480 806 3584 ’φησιν,
788 3513 856 3558 υπο
839 3476 1009 3634 ὕφην’
986 3482 1129 3578 αγαγεῖν

33 3603 129 3681 θέλει
148 3639 202 3688 τις
218 3604 260 3683 τὸ
285 3609 412 3709 σχῆμα
434 3614 553 3702 τοῦτο,
574 3638 702 3704 εγκυον
725 3637 881 3757 μητραν
890 3604 1018 3683 ἀποίου
1045 3600 1126 3696 βοό·

33 3738 132 3805 λεται
158 3726 249 3834 ζῴου
273 3738 441 3833 τεχνικῶς
464 3728 700 3832 ε’ρευνησάτω,
721 3730 779 3808 καὶ
800 3727 943 3829 εὑρήσει
967 3725 1011 3808 τδ
1033 3726 1147 3807 ἐκτός

32 3886 141 3949 πωμα
158 3861 223 3930 τοῦ
241 3854 392 3953 οὐρανοῦ
411 3861 469 3933 καὶ
487 3860 551 3952 τῆς
569 3860 637 3956 γῆς
650 3858 709 3933 καὶ
726 3861 799 3934 τῶν
816 3855 853 3932 ἐν
870 3853 974 3961 μέσιρ
987 3852 1129 3934 πάντων

33 3975 322 4077 ἀπαραλλάκτως
340 3981 577 4077 ὑποκείμενον·
608 3981 735 4083 γέγονε
753 3980 790 4059 δὲ
809 3981 962 4081 οὐρανοῦ
989 3980 1051 4057 καὶ
1068 4013 1130 4078 γης

32 4099 75 4181 τδ
93 4106 220 4205 σχῆμα
237 4111 410 4199 τοιοῦτον,
432 4109 534 4184 οἱονεὶ
551 4105 670 4211 μήτρᾳ
694 4103 965 4208 παραπλήσιον.
1029 4102 1130 4184 Kar&

78 4349 92 4402 7
96 4342 122 4405 5.
139 4329 210 4386 Cod.
225 4329 394 4388 δουλεύοντα.
645 4334 692 4403 83.
709 4332 781 4389 eod.
798 4333 983 4405 ἡσυχάζοντα.

75 4409 113 4466 ib.
130 4408 202 4467 Cod.
215 4411 317 4477 βλέπει.
644 4429 671 4484 3.
688 4411 758 4469 cod.
773 4413 967 4485 ἀπαραλάκτιις.
