2782 4972
139 278 203 341 138
580 272 796 339 ORIGENIS
1199 265 1236 329 V.
1251 273 1296 337 θ’·

139 439 236 534 σίαν,
267 436 311 535 ἣν
340 436 586 540 ὑποδεξαμένη
614 437 636 534 ἡ
663 436 932 541 παρεγκεφαλὶς
960 430 1098 535 ῶσπερ
1123 435 1145 513 ὃ
1169 429 1278 525 υῦυό

139 561 287 648 αἰλάλως
307 565 523 661 μεταδίδωσι
541 568 586 666 τῇ
605 564 676 669 ὕλη
693 560 759 646 τὰς
776 560 881 657 ἰδέας,
901 559 1100 640 τοιπέστιν
1118 560 1176 639 ἐπὶ
1191 555 1245 636 τὸν

140 697 302 769 νωτιαῖον
320 688 455 787 μυελὸν
475 685 624 791 διαρρέει
641 686 688 768 τὰ
706 684 900 789 σπέρματα
924 688 987 764 καὶ
1003 682 1055 765 τὰ
1079 682 1170 784 γένη
1183 690 1245 763 τῶν

140 813 340 918 γενομένων
359 813 449 899 κατὰ
467 811 599 917 σιίρκα.
650 813 779 920 Τοθτιρ
795 818 848 919 τῶ
865 812 1140 914 παραδείγματι
1156 810 1241 916 χρῶ·

140 977 250 1040 μενοι,
284 945 423 1048 εὐφυῶς
451 944 599 1020 δοκοῦσι
626 937 857 1042 παρεισάγειν
884 936 930 1017 τὰ
961 937 1109 1041 ἄρρητα
1136 938 1242 1016 αι’πῶυ

140 1067 290 1153 ἀλάλως
322 1063 585 1170 παραδιδόμενα
620 1065 816 1168 μυστήρια,
850 1062 876 1143 ἃ
906 1061 1065 1167 ἐξειπεῖν
1094 1065 1179 1161 ἡμῖν
1206 1064 1273 1149 οὐδ

141 1193 254 1293 θέμις,
293 1200 447 1274 πολλῶν
492 1191 529 1269 δέ
576 1197 705 1290 νοῆσαι
742 1190 800 1270 διὰ
835 1197 909 1270 τῶν
945 1187 1149 1293 εἰρημένων
1190 1191 1237 1267 εὔ·

143 1333 267 1401 κολον.

85 1450 130 1529 18
197 1448 305 1525 Ἀλλ’
335 1449 408 1525 ἐπεὶ
434 1448 492 1524 καὶ
520 1442 586 1543 τὴν
616 1440 817 1546 Περατικὴν
844 1442 984 1545 αἵρεσιν
1014 1440 1150 1543 νομίζω
1176 1448 1236 1547 φα·

143 1580 249 1673 νερῶς
266 1573 481 1650 έκτεθεῖσθαι
504 1575 562 1650 καὶ
587 1569 645 1649 διὰ
664 1576 818 1650 πολλῶν
842 1569 997 1667 ἔκδηλον
1021 1565 1239 1668 πεποιηκέναι

141 1700 193 1776 ἀεὶ
206 1702 395 1776 λαθοῦσαν
408 1700 467 1776 καὶ
484 1695 696 1777 παντάπασι
713 1691 980 1793 συντιθεμένην,
993 1694 1236 1797 ἀποκρύπτου·
1244 1731 1271 1785 30

141 1822 215 1904 σάν
248 1857 286 1903 τε
317 1821 382 1903 τὸν
414 1824 502 1902 ἴδιον
533 1821 600 1919 ἱὸν,
631 1827 727 1901 δοκεῖ
749 1819 858 1920 μηδέν
883 1817 1088 1923 περαιτέρω
1116 1822 1239 1901 τούτων

142 1957 363 2052 κατηγορεῖν,
383 1953 511 2028 ἱκανῶν
537 1948 650 2027 ὄντων
674 1944 765 2049 πρδς
790 1946 1010 2048 κατηγορίαν
1035 1949 1240 2026 αὐτῶντῶν

144 2079 201 2155 ὑπ’
222 2079 340 2156 αὐτῶν
359 2071 676 2176 δογματιζομένων.

86 2223 133 2297 19
193 2200 345 2299 Ἴδωμεν
365 2203 427 2280 οὖν
444 2201 482 2280 τί
497 2196 673 2301 λέγουσιν
692 2205 724 2277 οἱ
744 2199 912 2277 Σιθιανοί.
972 2198 1134 2285 Τούτοις
1159 2204 1244 2279 δοκεῖ

143 2334 216 2405 τῶν
237 2327 334 2405 ὅλων
352 2323 439 2404 εἶναι
456 2332 549 2428 τρεῖς
571 2323 684 2430 ἀρχὰς
708 2324 1005 2428 περιωρισμένας·
1036 2323 1196 2425 ἑκάστην
1211 2324 1273 2413 δὲςς

142 2458 215 2529 τῶν
252 2453 373 2553 ἀρχῶν
414 2453 577 2554 ἀπείρους
613 2450 704 2556 ἔχειν
740 2448 912 2547 δυνάμεις.
985 2451 1173 2551 Δυνάμεις
1205 2450 1240 2531 δι’

143 2577 261 2656 αι’νιῶν
298 2575 478 2675 λεγόντων
515 2574 718 2678 λογιζέσθω
750 2579 771 2657 ὁ
805 2574 943 2656 ἀκούων
977 2587 1089 2659 τοῦτο
1124 2576 1243 2662 αι’ποθς

143 2700 275 2804 λέγειν·
306 2715 333 2751 “
349 2710 432 2783 Πᾶν
455 2703 474 2781 θ
496 2739 531 2782 τι
554 2703 676 2803 νοήσει
702 2701 902 2802 έπινοεῖς,ἢ
930 2708 989 2783 καὶ
1017 2708 1243 2808 παραλειπεις

142 2828 192 2928 μὴ
221 2829 357 2928 νοηθέν,
377 2839 483 2909 τοῦτο
509 2827 645 2932 ἑκάστῃ
669 2836 742 2908 τῶν
769 2831 890 2933 ἀρχῶν
915 2826 1057 2936 πέφυκε
1079 2830 1243 2931 γενέσθω

144 2959 192 3040 ῶς
224 2958 261 3034 έν
299 2958 502 3058 ἀνθρωπίνη
539 2959 644 3060 ψυχῇ
677 2962 785 3034 πᾶσα
820 2956 969 3054 ἡτισοῦν
1005 2957 1277 3057 διδασκομένηιο

143 3077 265 3184 τέχνη·
289 3085 402 3179 οἱονεὶ,
414 3082 520 3187 φησὶ,
532 3079 719 3181 γενήσεται
735 3090 841 3162 τοῦτο
858 3079 901 3162 τὸ
919 3083 1064 3162 παιδίον
1079 3081 1243 3183 αὐλητὴς,

49 3216 92 3293 48
108 3208 360 3311 ν.έγχρονι’σαν
387 3209 541 3311 αὐλητῇ,
570 3204 593 3305 ἢ
623 3204 826 3310 γεωμέτρης
850 3205 1048 3313 γεωμέτρη,
1077 3244 1241 3313 γραμμα-

143 3336 230 3439 τικῷ
265 3331 522 3435 γραμματικὸς,
561 3329 695 3412 τέκτων
725 3329 878 3431 τέκτονι,
913 3336 971 3413 καὶ
1003 3342 1083 3419 ταῖς
1115 3336 1244 3418 ἄλλαις

144 3456 303 3542 ἁπάσαις
330 3455 471 3562 τέχναις
498 3455 606 3559 ε’γγδς
634 3456 818 3560 γινόμενον
846 3461 973 3558 ὁμοίως
1001 3460 1240 3561 συμθήσεται.

147 3586 195 3659 Αἱ
213 3581 250 3658 δέ
266 3589 339 3660 τῶν
358 3586 492 3689 ἀρχῶν,
503 3589 631 3690 φησὶν,
642 3586 761 3663 οὐσίαι
777 3591 857 3690 φῶς
870 3589 927 3664 καὶ
942 3584 1090 3671 σκότος·
1111 3586 1281 3677 τοθτων45

145 3704 184 3784 δέ
211 3708 310 3787 ἐστιν
336 3709 373 3784 έν
400 3709 504 3816 μέσιρ
531 3720 671 3809 πνεῦμα
698 3706 874 3812 ἀκέραιον·
905 3708 948 3790 τὸ
976 3708 1013 3788 δέ
1036 3721 1181 3809 πνεῦμα
1207 3709 1246 3791 τδ

189 3917 236 3957 21.
252 3900 325 3957 Cod.
340 3901 488 3958 ἀλλολλαι.
717 3922 801 3977 quam
811 3905 955 3959 συντιθέναι
968 3924 1027 3961 non
1038 3924 1106 3963 raro
1116 3906 1153 3963 de
1163 3907 1247 3963 rebus

189 3999 204 4035 2
208 3995 236 4055 5.
252 3980 324 4037 cod.
335 3981 463 4037 ἅλλαλαο.
716 3985 790 4040 fictis
801 3992 829 4039 et
838 3983 936 4041 dolose
947 3985 1114 4060 compositis
1123 3987 1236 4045 dicitur.

190 4061 234 4116 26.
250 4061 320 4135 Leg.
336 4060 447 4117 videtur
459 4064 576 4119 πολλοῖς.
757 4064 806 4133 36.
823 4063 901 4121 Fort.
917 4064 1040 4121 δούτῶν.

188 4158 236 4214 30.
252 4141 347 4197 Multa
364 4140 410 4196 hic
429 4140 593 4207 offendunt;
615 4143 673 4198 for·
758 4144 1026 4218 39.Οοι1.ς’κάστην.

147 4229 222 4278 tasse
237 4223 310 4296 [ἕως]
325 4223 382 4293 ἄρα
395 4221 534 4285 λαθοῦσαν,
548 4229 579 4276 ut
594 4221 674 4278 initio
756 4243 803 4296 40.
820 4224 892 4282 Cod.
907 4226 1023 4298 ἀνθροπί
1036 4228 1113 4299 ψυχῇ
1130 4228 1216 4299 (sic).

147 4301 210 4358 libri
219 4302 470 4371 θίοῒιιῐῐιδπολλοῖς
478 4301 563 4357 ἔτεσιν
573 4303 673 4357 ἴλαθιν.
758 4306 795 4361 ib.
810 4304 882 4363 Cod.
900 4306 953 4375 ητις
966 4306 1019 4363 οὖν.

149 4380 301 4455 Sequentia
311 4400 421 4457 quoque
430 4388 671 4455 suspecta,quam-
756 4402 805 4453 41.
822 4384 894 4442 Cod.
910 4386 1021 4457 γίνηται.
