2782 4972
125 320 190 384 262
572 315 789 381 ORIGENIS
1170 319 1228 384 IX.
1243 318 1295 381 26-

126 515 181 559 σει
211 477 427 578 γεγένηνται,
458 474 555 555 ὥστε
583 475 666 560 τοὺς
693 483 768 561 τοῖς
796 480 961 582 ἀρχαίοις
990 478 1114 557 ἔθεσιν
1141 478 1235 577 ἐμμέ-

129 640 255 689 νοντας
272 604 359 702 μηδὲ
378 603 609 708 προσφαύειν
627 605 759 683 αύτῶν·
780 601 832 682 ὧν
849 609 878 681 εί
896 605 1099 710 ψαύσοιεν,
1123 605 1236 689 εύθὲως

129 730 382 825 ἀπολούονται,
412 727 461 813 ὥς
488 763 584 813 τινος
617 728 838 836 ἀλλοφύλου
867 730 1098 836 ψαύσαντες.
1161 736 1234 810 Εἰσὶ

130 856 167 934 δὲ
195 861 252 935 καὶ
275 853 464 957 μακρόβιοι
489 859 523 933 οί
550 861 729 952 πλεῖστοι,
758 854 854 936 ὥστε
883 861 942 935 καὶ
972 858 1091 937 πλέον
1118 855 1266 946 ἑκατδν95

130 983 224 1061 ἔτεσι
242 981 316 1082 ζῆν.
369 985 490 1059 Φασὶν
509 980 572 1058 οὖν
596 977 682 1059 εἷναι
700 981 813 1060 αἴτιον
828 981 927 1061 τότε
945 988 1013 1082 τῆς
1032 984 1145 1086 ἄκρας
1162 991 1232 1062 θεο·

131 1110 285 1203 σεβείας,
306 1110 365 1185 καὶ
388 1110 440 1212 τῷ
465 1112 762 1207 καταγνωσθῆναι
782 1107 944 1211 ἀμέτρως
963 1111 1233 1216 προσφέρεσθαι

16 1269 73 1316 121
88 1273 117 1315 v.
132 1230 368 1335 ε’γκρατιστδις
400 1228 486 1309 εἶναι
517 1236 575 1310 καὶ
612 1232 823 1336 ἀοργήτους·
863 1232 1027 1314 θανάτου
1061 1237 1099 1314 δὲ
1131 1271 1231 1315 κατα·

133 1366 310 1465 φρονοῦσι
328 1360 519 1461 χαίροντες,
538 1359 641 1456 ἡνίκα
657 1357 745 1456 μετὰ
763 1358 1010 1458 συνειδήσεως
1029 1365 1167 1462 ἀγαθῆς
1181 1396 1230 1440 τε·

132 1490 321 1562 λευτῶσιν.
370 1488 415 1561 Εἰ
435 1484 472 1562 δὲ
491 1486 549 1560 καὶ
567 1480 730 1583 αἱκίζοιτό
748 1519 801 1568 τις
818 1482 905 1567 τούς
921 1486 1121 1584 τοιούτους,
1142 1488 1196 1566 ἵνα
1211 1485 1250 1584 ἧι

131 1606 194 1687 τὸν
214 1608 323 1707 νόμον
342 1608 581 1715 δυσφημήσῃ,
601 1606 623 1707 ἢ
643 1608 877 1688 εἰδωλόθυτον
896 1609 1017 1715 φάγῃ,
1036 1615 1078 1692 ού
1096 1611 1228 1723 π[ον]·

131 1732 211 1832 ήσει
238 1734 421 1831 ὑπομένων
449 1740 566 1812 θανεῖν
592 1739 649 1813 καὶ
675 1732 861 1827 βασάνους
885 1735 1096 1834 βαστάσαι,
1116 1738 1172 1815 ἵνα
1192 1735 1229 1815 τὸ

132 1858 292 1943 συνειδὸς
309 1858 359 1958 μὴ
378 1860 554 1964 παρέλθῃ.

71 2006 122 2081 27
181 1984 363 2089 Ἔρρωται
401 1986 438 2064 δὲ
474 1987 558 2088 παρ’
593 1989 711 2069 αύτοῖς
747 1990 804 2065 καὶ
843 1990 862 2066 ὁ
896 1992 962 2086 τῆς
1002 1989 1248 2083 ἀναστάσεως

132 2112 256 2214 λόγος·
288 2117 511 2214 ὁμολογοῦσι
539 2111 610 2215 γάρ
635 2116 693 2191 καὶ
719 2112 785 2210 τὴν
812 2110 934 2214 σάρκα
958 2116 1228 2215 ἀναστήσεσθαι

131 2244 189 2315 καὶ
216 2240 364 2318 ἔσεσθαι
389 2236 579 2336 ἀθάνατον,
607 2239 648 2318 δν
675 2237 809 2341 τρόπον
833 2238 902 2338 ἤδη
929 2239 1112 2326 ἀθάνατός
1138 2244 1228 2320 ἐστιν

131 2365 153 2461 ἡ
181 2362 296 2468 ψυχὴ,
318 2363 362 2462 ἣν
386 2372 629 2467 χωρισθεῖσαν
654 2374 718 2443 νῦν
745 2365 843 2445 ἔστιν
868 2370 917 2449 είς
944 2366 1009 2443 ἕνα
1032 2374 1153 2472 χῶρον
1175 2372 1225 2446 εὔ·

130 2523 244 2566 πνουν
263 2492 321 2567 καὶ
339 2490 512 2595 φωτεινδν
530 2489 772 2570 ἀναπαύεσθαι
790 2491 854 2576 ἕως
872 2495 1039 2594 κρίσεως,
1057 2494 1098 2574 ὃν
1114 2500 1227 2599 χῶρον

125 2613 310 2713 Ἕλληνες
351 2617 567 2699 ἀκούσαντες
613 2615 798 2719 Μακάρων
843 2616 976 2715 νήσους
1023 2618 1221 2716 ὠνόμασαν.
1235 2653 1263 2689 ιο

132 2741 257 2820 Ἀλλὰ
275 2744 333 2820 καὶ
350 2743 449 2844 ἕτερα
467 2742 603 2822 τούτων
619 2743 780 2843 δόγματα
797 2747 935 2822 πολλοὶ
951 2750 1028 2821 τῶν
1040 2744 1225 2842 Ἑλλήνων

129 2867 437 2973 σφετερισάμενοι,
459 2870 548 2953 ἰδίας
566 2868 676 2972 δόξας
695 2868 980 2968 συνεστήσαντο.
1028 2867 1141 2951 Ἔστι
1158 2867 1222 2972 γὰρ

128 2995 150 3090 ἡ
186 2995 277 3073 κατὰ
310 2994 457 3079 τούτους
488 2995 646 3093 ἄσκησις
677 2997 757 3097 περὶ
793 2993 834 3074 τὸ
870 3000 978 3073 Θεῖον
1016 2996 1221 3101 ἀρχαιοτέρα

125 3118 271 3199 πάντων
298 3124 421 3217 ἐθνῶν,
443 3126 492 3204 ὡς
519 3122 721 3199 δείκνυσθαι
747 3118 884 3204 πάντας
910 3116 995 3204 τοὺς
1023 3125 1106 3224 περὶ
1133 3127 1222 3201 Θεοῦ

125 3250 231 3324 εἰπεῖν
250 3245 524 3345 τετολμηκότας,
542 3244 565 3344 ἢ
584 3250 647 3344 τῆς
664 3251 744 3348 περὶ
762 3254 835 3325 τῶν
854 3246 967 3325 ὄντων
986 3247 1220 3349 δημιουργιας,
1233 3286 1240 3323 ι
1244 3282 1257 3340 5

123 3369 173 3468 μὴ
199 3371 363 3474 ἑτέρωθεν
386 3372 641 3478 παρειληφέναι
666 3372 731 3457 τδις
758 3371 872 3477 ἀρχὰς
897 3370 920 3470 ἢ
949 3372 1023 3452 αἰπδ
1052 3377 1115 3472 τῆς
1131 3372 1217 3450 Ἰου-

123 3503 244 3596 δαὶλῆς
271 3502 494 3596 νομοθεσίας·
524 3498 575 3577 ὧν
591 3498 755 3597 μάλιστα
776 3496 993 3601 Πυθαγόρας
1011 3501 1073 3577 καὶ
1098 3503 1130 3577 οἱ
1151 3495 1219 3576 ἀπὸ

121 3628 185 3721 τῆς
204 3630 320 3706 Στοᾶς
348 3626 431 3726 παρ’
453 3627 661 3724 Αἰγυπτίοις
683 3625 820 3707 τούτοις
837 3624 1112 3722 μαθητευθέντες
1128 3656 1215 3725 παρ-

122 3747 268 3841 έλαβον.
319 3749 479 3849 Λέγουσι
498 3748 534 3826 δέ
552 3752 610 3828 καὶ
629 3751 747 3850 κρίσιν
765 3749 911 3829 ἔσεσθαι
930 3754 1072 3829 καὶτοῦ
1090 3746 1218 3832 παντδς

130 3874 138 3896 9
198 3872 208 3899 Ι
414 3878 426 3903 Χ
514 3873 525 3897 5
596 3877 605 3899 θ
636 3875 646 3901 Ι
915 3872 925 3900 Ι
1117 3880 1125 3903 5
1197 3874 1206 3899 Ι

120 3906 333 3974 εκπυρωσιν,
370 3908 427 3951 και
464 3909 547 3957 τους
584 3877 726 3955 αδικους
760 3878 1061 3972 κολασθησεσθαι
1099 3906 1254 3953 ewam

160 4098 448 4232 92.(Οο(ἐ.γςγὸένηταί.
730 4099 1151 4237 (ργοθὲθ.κοιγτγνωιᾶθι)Ιιξμ.1ἰ
1194 4180 1200 4191 ·

160 4194 209 4329 3}-
240 4180 537 4329 Ιδωοπδυςτεδίδβεόιβαά
565 4258 645 4313 Jose·
690 4198 818 4315 affigi?
841 4202 983 4249 ·’'··'W“·
1025 4198 1060 4236 ⁰⁸
1081 4200 1114 4237 ¹¹⁵
1152 4192 1213 4237 ¹⁰⁰³

118 4333 215 4403 phum.
735 4357 777 4394 10.
793 4340 836 4395 De
852 4341 979 4412 Μακάρων
992 4340 1081 4408 νήσοις
1097 4341 1133 4396 cf.
1151 4340 1210 4396 sse·

158 4430 205 4487 95.
223 4416 294 4471 Cod.
311 4418 390 4470 ὑετόν.
687 4438 785 4474 ταυτας
800 4419 882 4493 Linq.
897 4418 947 4474 Gr.
962 4438 989 4475 v.
1002 4422 1102 4492 Μάκαρ.
