2782 4972
104 329 169 393 aso
550 318 771 384 οιιιουιυις
1187 326 1277 401 x.2;-

107 486 244 588 αἵρεσιν
271 478 437 584 έκράπινε
467 477 701 575 Κάλλιστος,
726 481 770 558 οὗ
802 478 873 560 τὸν
900 484 992 575 βίον
1023 486 1235 581 ἐκτεθείμεθιι

108 614 303 715 ἀσφαλῶς,
336 605 375 689 ὃς
404 607 464 683 καὶ
495 604 602 688 αὐτὸς
634 604 774 707 αἵρεσιν
807 607 1088 707 ἀπεγέννησεν·
1124 607 1168 711 ἐξ
1190 606 1232 685 ὁυ

110 732 278 840 ἀφορμὰς
297 729 426 825 λαβὼν
445 733 503 808 καὶ
527 729 634 814 αῦτὸς
653 733 848 831 ὁμολογῶν
877 733 948 810 ἕνα
972 730 1069 812 εἶναι
1087 732 1153 814 τὸν
1167 768 1228 813 πα·

110 860 197 962 τέρα
214 862 272 937 καὶ
290 856 371 935 θεὸν
388 864 518 936 τοῦτον
536 855 754 958 δημιουργὸν
770 866 837 936 τοῦ
861 857 1024 954 παντὸς,
1047 869 1177 939 τοῦτον
1198 859 1261 948 δὲςι

112 981 199 1063 εἶναι
217 984 292 1062 υἱὸν
310 982 457 1080 ὀνόματι
475 978 540 1078 μέν
558 982 753 1080 λεγόμενον
774 987 835 1061 καὶ
859 983 1152 1085 ὀνομαζόμενον,
1173 988 1223 1063 οῦ·

114 1111 178 1213 σίᾳ
197 1106 233 1186 δὲ
255 1106 337 1216 [ἓν]
359 1104 456 1203 εἶναι,
475 1116 614 1203 πνεῦμα
631 1106 714 1210 γὰρ,
731 1111 859 1213 φησὶν,
880 1112 903 1188 ὁ
922 1108 1010 1194 θεὸς
1028 1114 1102 1216 οὐχ
1117 1110 1224 1214 ἕτερόν

113 1236 191 1312 έστι
213 1234 313 1336 παρὰ
336 1230 401 1312 τὸν
419 1230 534 1332 λόγον
557 1230 581 1329 ἢ
607 1235 627 1312 ὁ
648 1230 760 1333 λόγος
776 1232 877 1336 παρὰ
897 1232 968 1313 τὸν
987 1234 1089 1314 θεόν·
1114 1235 1152 1314 ἓν
1169 1238 1221 1315 οῦν

115 1368 221 1438 τοῦτο
238 1357 437 1460 πρόσωπον
455 1357 602 1456 ὀνόματι
621 1356 686 1455 μὲν
702 1357 949 1460 μεριζόμενον,
973 1363 1089 1466 οὐσίᾳ
1113 1362 1150 1440 δὲ
1172 1364 1215 1440 οὔ.

116 1488 256 1562 Τοῦτον
276 1483 341 1562 τὸν
363 1481 478 1583 λόγον
499 1482 561 1560 ἕνα
583 1478 669 1560 εἶναι
693 1481 774 1562 θεὸν
801 1482 970 1584 ὀνομάζει
997 1492 1063 1565 καὶ
1091 1521 1248 1588 σεσορςς

116 1612 254 1685 κῶσθαι
276 1607 385 1708 λέγει.
447 1610 519 1688 Καὶ
544 1607 607 1687 τὸν
624 1607 688 1706 μέν
710 1608 800 1688 κατὰ
821 1608 949 1712 σάρκα
967 1613 1155 1714 ὁρώμενον
1169 1616 1216 1690 καί

116 1731 354 1833 κρατούμενον
376 1733 452 1813 υἱὸν
472 1729 559 1812 εἶναι
580 1730 687 1830 θέλει,
706 1732 825 1814 τὸνδὲ
848 1736 1064 1817 ἐνοικοῦντα
1084 1739 1215 1841 ποτέρα,

114 1856 201 1937 ποτὲ
225 1858 290 1957 μὲν
308 1865 358 1965 τῷ
379 1865 524 1956 Νοητοῦ
547 1857 698 1958 δόγματι
719 1860 1065 1964 περιρρηγνύμενος,
1086 1861 1215 1943 ποτέδὲ

115 1988 168 2089 τῷ
196 1985 385 2082 Θεοδότου,
406 1982 515 2083 μηδὲν
543 1984 712 2090 ἀσφαλὲς
736 1992 887 2088 κρατῦν.
946 1995 1081 2068 Ταῦτα
1109 1992 1216 2069 τοίνυν

118 2109 344 2196 Κάλλιστος.
1220 2126 1248 2181 ⁶0

54 2234 105 2315 28
170 2236 392 2341 Ἑρμογένης
417 2235 458 2314 δέ
476 2271 530 2320 τις
556 2242 613 2315 καὶ
637 2235 741 2323 αῦτὸς
763 2238 923 2336 θελήσας
940 2274 979 2318 τι
997 2241 1134 2342 λέγειν,
1153 2244 1214 2349 ἔφη

112 2361 176 2443 τὸν
194 2361 275 2441 θεὸν
295 2361 339 2464 ἐξ
356 2364 446 2461 ὕλης
464 2363 670 2468 συγχρὸνου
693 2367 752 2442 καὶ
777 2363 1010 2463 ὑποκειμένης
1031 2367 1080 2447 τὸι
1103 2368 1214 2448 πάντα

111 2487 346 2586 πεποιηκέναι·
377 2487 558 2573 ἀδυνάτως
585 2488 657 2592 γὰρ
683 2488 773 2594 ἔχειν
795 2487 858 2569 τὸν
882 2487 965 2568 θεὸν
990 2491 1043 2590 μὴ
1071 2497 1151 2599 οὐχὶ
1175 2494 1213 2597 ἐξ

111 2614 225 2694 ὄντων
242 2612 289 2691 τὰ
306 2611 478 2714 γενόμενα
493 2622 615 2694 ποιεῖν.

50 2752 102 2827 29
160 2738 304 2842 Ἕτεροι
323 2740 364 2817 δέ
374 2773 464 2824 τινες
479 2742 527 2823 ὁις
539 2740 661 2818 καινόν
673 2774 707 2818 τι
725 2737 1008 2843 παρεισάγοντες
1025 2744 1065 2823 ἐκ
1083 2753 1210 2826 πασῶν
1217 2765 1243 2837 ⁶5

111 2867 281 2969 αἱρέσεων
303 2864 547 2969 ἐρανισοίμενοι
566 2865 674 2968 ξένην
691 2868 825 2960 βίβλον
849 2865 1099 2956 σκευάσαισες
1117 2872 1207 2951 Ἠλ-

109 2991 229 3094 χασαί
247 3026 344 3076 τινος
370 2990 691 3092 ἐπονομαζομένην,
712 2991 808 3070 οὗτοι
831 2989 896 3075 τὰς
917 2993 983 3090 μέν
1009 2997 1129 3102 ἀρχὰς
1150 3007 1208 3076 τοῦ

108 3115 244 3200 παντὸς
272 3119 400 3216 ὁμοίως
431 3120 675 3217 ὁμολογοῦσιν
707 3115 776 3196 ῦπὸ
808 3126 873 3196 τοῦ
900 3123 983 3198 θεοῦ
1012 3126 1205 3222 γεγονέναι,

107 3239 273 3345 Χριυτὸν
301 3242 339 3322 δὲ
366 3243 428 3321 ἕνα
455 3245 522 3348 οὐχ
548 3245 805 3343 ὁμολογοῦσιν,
830 3243 914 3321 ἀλλ’
939 3241 1029 3323 εἶναι
1055 3244 1121 3326 τὸν
1146 3245 1207 3344 μὲν

106 3369 181 3449 ἅνω
198 3370 270 3466 ἕνα,
284 3369 393 3450 αῦτὸν
412 3369 449 3448 δὲ
465 3369 762 3471 μεταγγιζὸμενον
778 3371 816 3447 ἐν
832 3369 984 3469 σιὸμασι
1002 3369 1201 3482 [πολλοῖς]
1213 3400 1243 3457 7⁰

104 3491 296 3590 πολλάκις,
317 3498 376 3572 καὶ
405 3503 468 3573 νῦν
491 3496 528 3573 δὲ
554 3496 592 3573 έν
617 3498 668 3600 τῷ
685 3493 810 3592 Ἰησοῦ
836 3497 966 3592 ὁμοίιος
985 3495 1123 3605 [flori
1141 3498 1204 3595 μέν

103 3619 141 3696 ἐκ
159 3627 223 3697 τοῦ
242 3625 323 3699 θεοῦ
342 3625 567 3722 γεγενῆσθαι,
583 3620 670 3701 ποτὲ
692 3621 730 3700 δὲ
750 3631 889 3721 πνεῦμα
905 3625 1103 3723 γεγονέναι,
1119 3625 1204 3703 ποτὲ

104 3743 142 3821 δὲ
164 3745 202 3820 ἐκ
226 3746 417 3847 παρθένου,
437 3745 525 3826 ποτὲ
546 3745 583 3824 δὲ
608 3749 661 3826 οὔ.
724 3750 796 3825 Καὶ
820 3757 948 3827 τοῦτον
967 3745 1004 3825 δὲ
1021 3749 1203 3845 μετέπειτα

103 3868 155 3943 ἀεὶ
167 3870 205 3946 ἐν
219 3868 369 3967 σώμασι
381 3871 657 3972 μεταγγίζεσθαι
669 3874 729 3950 καὶ
741 3875 779 3951 έν
789 3879 945 3957 πολλοῖς
954 3871 1049 3953 κατὸι
1064 3871 1202 3977 καιροῦς

102 3994 316 4072 δείκνυσθαι.
366 4000 536 4097 Χρῦνται
560 3995 597 4075 δὲ
620 3996 852 4107 ε’πα[οι]δαῖς
870 4000 928 4077 καὶ
947 3998 1240 4097 βαπτισμοσινῐᾱ

142 4187 190 4256 48.
207 4186 285 4243 Fort.
300 4190 459 4260 ἐκτιθείριθιι
473 4196 574 4264 σοφῶς.
672 4194 761 4251 literis
776 4194 912 4251 evanidis.

141 4279 188 4337 52.
206 4267 376 4324 Addidimus
390 4271 424 4326 ἕν,
713 4273 761 4348 65,
786 4275 897 4331 Titulus
924 4273 1085 4331 mbfimtug
1105 4277 1198 4348 mx..

141 4360 189 4414 57·
205 4347 276 4402 Cod.
293 4348 385 4406 θέλειν.
671 4351 766 4409 σαίται.

140 4422 188 4490 58.
204 4423 275 4481 Cod.
293 4432 392 4503 Νοητῷ.
712 4450 759 4507 70.
775 4434 862 4489 Vocis
883 4437 991 4492 πολλοῖς
1008 4434 1132 4510 vestigia
1151 4454 1198 4493 ex·

138 4498 175 4554 ib.
192 4503 263 4558 Cod.
275 4529 397 4579 περιρηγ.
408 4532 501 4579 μενος,
515 4511 625 4569 duabus
667 4522 754 4580 stant,
770 4514 819 4570 sed
834 4533 892 4570 non
907 4532 1023 4588 prorsus
1038 4523 1129 4573 certa.
