2782 4972
384 327 448 393 178
823 326 1041 391 ORIGENIS

384 484 523 589 Τιμαίιρ
540 487 591 589 τῷ
611 482 811 569 Πλάτωνος
834 486 952 591 σοφία
971 487 1189 586 Αίγιπιτίων·
1222 486 1356 565 ἐκεῖθεν

384 607 514 687 Σόλων
537 607 604 706 τὴν
628 608 719 707 όλην
742 608 912 690 ὑπόθεσιν
933 616 1012 713 περὶ
1034 616 1098 709 τῆς
1123 610 1270 709 κόσμου
1288 644 1334 712 γε

382 738 440 812 καὶ
459 740 609 839 φθορᾶς,
618 739 763 840 παλαιῷ
781 739 849 815 τινὶ
867 734 968 843 λόγῳ
986 739 1045 815 καὶ
1062 742 1292 843 προφητικῷ,
1307 741 1359 821 ὡς
1381 776 1388 809 ι

381 862 401 937 ό
421 859 594 956 Πλάτων,
614 858 697 944 τοὺς
712 859 904 959 Ἕλληνας
921 861 1072 965 ἐδίδαξε,
1092 866 1227 947 παῖδας
1246 863 1348 947 νέους
1367 898 1389 943 ο

286 996 328 1059 68
337 1017 364 1059 r.
381 990 440 1065 καὶ
470 986 717 1090 πρεσβύτερον
748 988 1003 1087 ἐπισταμένους
1033 986 1182 1087 μάθημα
1217 986 1322 1069 οὐδὲν
1368 1006 1379 1058 ι’

379 1113 565 1212 γοόμενον.
617 1112 684 1191 'lv'
704 1115 767 1192 οὖν
792 1112 1171 1216 παρακολουθήσωμν
1187 1120 1268 1198 τοῖς
1287 1113 1378 1215 λόγ

380 1239 645 1337 καταβεᾘληται
659 1241 910 1335 Οὐαλεντῖνος,
920 1238 1189 1340 προεκθήσομαι
1209 1248 1278 1319 νῦν
1290 1241 1374 1319 τίνα

379 1362 403 1442 ἃ
434 1362 651 1466 Πυθαγόρας
678 1368 698 1443 ό
727 1362 862 1462 Σάμιος
888 1362 977 1461 μετὰ
1008 1368 1072 1462 τῆς
1104 1365 1331 1463 ὑμνουμένης
1357 1367 1377 1443 ε’
1389 1415 1391 1426 ,

377 1486 475 1590 παρὰ
506 1495 581 1572 τοῖς
601 1487 770 1588 Ἕλλησι
797 1494 865 1590 γῆς
894 1495 1105 1595 φιλοσοφεῖ·
1135 1487 1197 1568 εἶθ
1228 1493 1346 1574 οὕτως

377 1613 401 1695 ἀ
416 1615 634 1717 Πυθαγόρου
648 1614 777 1709 λαβὼν
795 1620 854 1695 καὶ
870 1614 1070 1701 Πλάτωνος
1084 1617 1335 1701 Οὐαλεντῖνος
1360 1662 1368 1688 ι
1389 1676 1391 1684 -

376 1748 500 1840 λαγῶν
532 1742 721 1841 ἀνατίθησι
752 1747 905 1847 Χριστῷ
936 1744 995 1820 καὶ
1025 1740 1096 1844 πρὸ
1128 1750 1194 1821 τοῦ
1229 1748 1391 1845 Χριστο

379 1870 498 1969 Πατρὶ
515 1874 588 1947 τῶν
606 1867 716 1963 ὅλων,
732 1871 791 1947 καὶ
808 1870 899 1972 σιγῇ
917 1872 962 1972 τῇ
981 1865 1239 1970 συνεζενγμίνῃ
1257 1903 1313 1973 τιρ
1336 1874 1389 1949 Ilo

314 2011 365 2087 23
433 1992 650 2095 Πυθαγόρας
668 1995 788 2072 τοίνυν
812 1991 927 2097 ἀρχὴν
948 1999 1021 2072 τῶν
1045 1993 1142 2072 όλων
1168 1992 1375 2092 ἀγέννητον

375 2117 516 2223 φήνατο
533 2118 599 2217 τὴν
616 2117 767 2215 μονάδα,
788 2118 960 2219 γεννητὴν
979 2116 1016 2196 δὲ
1033 2116 1100 2216 τὴν
1118 2115 1234 2196 δυάδα
1259 2121 1321 2197 καὶ
1384 2165 1391 2189 ι

374 2241 457 2327 τοὺς
485 2245 624 2328 ἀλλους
651 2243 832 2346 ἀριθμούς.
894 2248 966 2323 Καὶ
995 2249 1059 2343 τῆς
1085 2243 1150 2342 μὲν
1184 2242 1319 2329 δυάδος
1384 2290 1391 2315 ι

374 2369 491 2471 φησὶν
517 2365 603 2445 εἶναι
630 2366 697 2466 τὴν
723 2366 875 2468 μονάδα,
904 2368 1050 2450 πάντων
1079 2367 1115 2447 δὲ
1142 2375 1216 2449 τῶν
1246 2404 1391 2470 γεννωι

372 2491 507 2594 μητέρα
535 2491 659 2590 δυάδα,
690 2491 865 2594 γεννητὴν
894 2501 1085 2593 γεννητῶν.
1147 2495 1221 2573 Καὶ
1299 2495 1368 2565 m'

375 2617 592 2722 Πυθαγόρου
617 2619 837 2705 διδάσκαλος
854 2619 970 2699 ἐκάλει
988 2618 1030 2700 τό
1047 2618 1113 2718 μὲν
1136 2618 1175 2697 ἓν
1197 2621 1355 2726 πατέρα,

374 2745 451 2843 δόο,
482 2746 630 2849 μητέρα.
691 2747 902 2847 Γεγέννηται
933 2744 1006 2847 γάρ
1035 2747 1073 2824 ἐκ
1104 2743 1170 2843 μὲν
1201 2744 1366 2841 μονάδος

373 2870 464 2952 κατὰ
481 2869 545 2952 τόν
565 2870 796 2973 Πυθαγόραν,
820 2874 877 2950 καὶ
903 2871 1003 2951 ἔστιν
1020 2872 1043 2969 ἡ
1061 2869 1127 2968 μὲν
1142 2869 1274 2969 μονὰς,
1296 2872 1387 2976 ἀρρε

372 2997 510 3099 πρώτη·
540 2995 734 3095 ἡδὲδυάς,
755 3001 861 3094 θῆλυ.
923 2994 1032 3098 Παρά
1055 3000 1118 3094 τῆς
1137 2994 1270 3081 δυάδος
1289 3002 1328 3076 δε
1368 3048 1391 3068 ι,

374 3127 422 3207 ὡς
449 3127 468 3202 ὁ
498 3123 716 3225 Πυθαγόρας
743 3121 896 3223 λε’γει,ἡ
923 3120 1022 3224 τριάς
1040 3124 1097 3199 καὶ
1128 3125 1159 3198 οἱ
1183 3120 1322 3225 ἐφεξῆς
1346 3128 1382 3194 ι’,

371 3248 474 3353 με’χρι
492 3256 565 3329 τῶν
584 3248 680 3328 δέκα.
713 3255 853 3328 Τοῦτον
868 3245 942 3349 γάρ
956 3243 1026 3326 οἶδε
1044 3244 1155 3345 μόνον
1171 3245 1316 3326 τέλειον
1335 3250 1370 3319 ι’,

374 3373 592 3477 Πυθαγόρας
606 3371 671 3454 τόν
690 3372 784 3452 δέκα·
806 3371 870 3453 τόν
888 3370 960 3475 γάρ
977 3372 1099 3451 ἕνδεκα
1117 3374 1175 3450 καὶ
1193 3370 1345 3470 δώδεκα,
1358 3408 1390 3453 π

373 3499 485 3597 θήκην
504 3503 562 3578 καὶ
586 3497 881 3598 ἐπαναπυδισμδν
898 3504 962 3597 τῆς
981 3497 1138 3594 δεκάδος,
1158 3500 1223 3578 οὐκ
1240 3498 1369 3579 ἄλλον

372 3626 523 3723 ἀριθμοῦ
540 3629 724 3725 γέννησιν,
743 3623 785 3704 τό
803 3625 1096 3726 προστιθέμενον,
1115 3621 1235 3703 πάντα
1254 3622 1297 3702 τὲ
1324 3626 1384 3706 σώ

372 3744 501 3849 στερεὰ
531 3747 576 3849 ἐξ
604 3749 808 3848 ἀσωμάτων
835 3756 954 3855 γεννᾷ.
1014 3756 1100 3828 Τῶν
1127 3781 1164 3826 τε
1192 3744 1266 3850 γάρ
1295 3784 1356 3829 σω
1389 3807 1391 3819 1

372 3873 430 3949 καὶ
456 3872 661 3970 ἀσωμάτων
687 3878 776 3972 ὁμοῦ
802 3882 950 3973 σημεῖον
973 3870 1060 3951 εἶναι
1085 3876 1181 3980 φησὶ
1208 3878 1267 3952 καλ
1302 3878 1338 3945 ιί
1376 3874 1388 3899 “

414 4051 463 4108 99.
480 4032 552 4089 Cod.
568 4037 697 4091 Πλάτωνι.
987 4054 1031 4091 10.
1047 4034 1119 4091 cod.
1134 4018 1307 4111 Χριοτῆόρῐο
1330 4052 1357 4086 3,
1377 4071 1380 4085 .

417 4130 441 4167 1.
466 4111 538 4169 Cod.
563 4116 691 4183 Σολομῶν.
734 4115 800 4171 Vid.
828 4116 900 4171 Tim.
986 4132 1032 4187 24.
1048 4115 1114 4172 Vox
1129 4114 1260 4171 addenda
1272 4114 1384 4174 lexicis.

374 4212 400 4267 p.
420 4210 451 4249 τι
472 4191 545 4249 med.
986 4213 1001 4250 2
1005 4207 1033 4269 5.
1055 4195 1110 4250 Pro
1130 4197 1161 4249 τὸ
1182 4196 1388 4267 προοηθίρσου

414 4291 443 4347 9.
469 4273 546 4329 Fort.
567 4272 583 4327 ἂ
606 4274 635 4329 in
659 4275 709 4329 ἀπὸ
734 4276 901 4331 mutandum
944 4276 1077 4344 νομιστέον
1095 4274 1139 4330 vel
1159 4274 1255 4349 potius
1276 4280 1372 4347 νομίζοι

374 4362 422 4408 aut
436 4353 595 4410 delendum.
943 4355 1016 4411 Mox
1031 4355 1087 4429 leg.
1102 4356 1130 4408 δὲ
1144 4372 1197 4428 pro
1211 4357 1251 4412 τί.
