2782 4972
235 322 280 388 66
681 328 898 395 ORIGENIS
1267 330 1324 395 IV.
1337 328 1385 395 28-

234 493 291 569 ἑπὶ
315 487 501 592 ἀνθράκων
519 490 715 588 καιομένων
732 492 837 575 τιθεὶς
853 491 904 596 ε’ῆι.
955 496 1032 569 Τοῦ
1059 488 1096 568 δὲ
1121 490 1336 591 συγκαέντος

236 623 269 697 οἱ
301 614 387 700 ἅλες
419 617 667 714 ἀναπηδῶντες
694 616 902 723 φαντασίαν
929 614 1192 719 ἀπεργάζονται
1219 614 1338 718 ὥσπερ

236 743 340 847 ξένου
367 739 542 840 θεάματος
568 741 767 842 γινομένου·
810 743 993 842 αἱματώδη
1028 741 1065 821 δὲ
1093 740 1227 849 φλόγα
1256 747 1342 822 ποιεῖ
1345 778 1359 841 5

235 868 278 949 τὸ
304 864 436 947 ίνδικδν
460 866 578 965 μέλαν
602 865 736 947 εἰπεθέν
752 870 805 975 τῷ
824 873 1015 975 λιβανωτῷ
1033 865 1155 952 καθὼς
1171 868 1339 971 προείπα·

235 1029 311 1094 μέν.
377 992 572 1093 Αίματῶδη
609 992 646 1071 δὲ
683 995 862 1098 ὑγρασίαν
898 1000 994 1074 ποιεῖ
1026 991 1139 1097 κηρὸν
1176 992 1341 1099 ἀγχοάοη

236 1118 414 1223 ἀναμίξας
441 1123 499 1198 καὶ
528 1123 576 1204 ὡς
603 1120 695 1226 ἔφην
720 1124 772 1226 τῷ
802 1123 993 1228 λιβανωτῷ
1021 1122 1119 1226 κηρῷ
1147 1120 1339 1219 ἐνθέμενος·

236 1248 415 1350 ἄνθρακας
443 1245 480 1324 δὲ
507 1251 679 1326 κινεῖσθαι
702 1252 806 1343 ποιεῖ,
827 1242 988 1352 σχιστῆν
1015 1247 1158 1330 ὑποθεὶς
1180 1278 1339 1343 σπῆι-ιη·

235 1373 329 1475 ρίαν,
358 1372 401 1471 ῆς
428 1371 604 1470 λυομένης
631 1374 691 1450 καὶ
717 1374 818 1471 δίκην
843 1371 1097 1478 πομφολύγων
1126 1369 1376 1469 διοιδοάοης,ιο

238 1506 414 1576 κινοῦνται
432 1501 465 1575 οἱ
483 1496 666 1600 ἄνθρακες.

177 1656 229 1733 29
293 1620 363 1702 Ὠἀ
403 1619 440 1699 δὲ
476 1620 632 1728 διάφορα
668 1623 918 1708 ἐπιδεικνύντες
954 1620 1019 1703 τδν
1053 1619 1192 1725 τρόπον
1229 1620 1337 1703 τόνδε·

237 1743 400 1856 κορυφῆν
421 1746 610 1851 τριπιῆσας
633 1746 677 1851 ἐξ
699 1749 875 1852 ἑκατέρων
900 1754 959 1828 καὶ
985 1747 1028 1829 τὸ
1053 1745 1185 1828 λευκὸν
1209 1744 1338 1850 ὑπεξα-

237 1875 365 1978 γαγὼν
396 1876 496 1960 αὖθις
527 1872 655 1981 βάψας
686 1875 824 1975 ἔμβαλε
855 1873 897 1956 τῦ
930 1874 1007 1975 μέν,
1037 1883 1102 1956 τοῦ
1133 1873 1337 1969 σινῶπιδος,

236 2002 279 2084 τὸ
313 2002 364 2100 δὲ,
399 2007 463 2102 τῆς
495 2006 675 2108 γραφικῆς
706 2002 873 2102 μέλανος.
930 1999 1179 2110 Ἀπάφρασσε
1210 2000 1251 2081 δὲ
1281 1998 1372 2092 τάςις

237 2127 436 2233 τρυμαλιᾶς
471 2125 625 2230 ξέσματι
657 2135 731 2207 τῶν
767 2134 848 2208 ὠῶν
882 2130 966 2235 λείιρ
998 2129 1072 2227 μετ’
1104 2130 1198 2207 ὀποῦ
1231 2128 1339 2224 σιικῆς

238 2253 442 2354 ε’μπλάσας.

176 2423 230 2499 30
295 2386 382 2460 Τῶν
414 2377 451 2456 δὲ
482 2382 605 2477 ἀμνῶν
637 2381 900 2481 ἀποτέμνεσθαι
926 2381 992 2466 τάς
1019 2377 1184 2488 κεφαλὰς
1210 2380 1339 2461 ἕαισῶν

239 2514 407 2586 ποιοῦσιν
426 2505 529 2590 οὗτος
547 2510 567 2586 ὁ
585 2506 729 2610 τράπος.
772 2507 947 2612 Κρύβδην
964 2508 1146 2613 καυστικφ
1165 2504 1339 2612 φαρμάκφ

237 2633 369 2737 χρίσας
388 2628 453 2711 τὸν
472 2629 645 2740 φάρυγγα
669 2636 710 2740 ἐᾷ
732 2635 945 2736 παραδοθεὶς
960 2631 1003 2713 τὸ
1028 2630 1137 2738 ξίφος
1155 2631 1237 2713 οὐδὲ
1259 2630 1375 2733 κνῆ·ιο

238 2765 364 2839 θεσθαι
397 2757 514 2838 θέλων
543 2760 768 2861 προσπεσὼν
795 2763 841 2865 τῆ
873 2760 1044 2865 μαχαίρᾳ,
1073 2760 1217 2853 θλίβων
1242 2755 1339 2866 οφά·

240 2884 345 2986 ζεται,
366 2888 425 2962 καὶ
452 2893 579 2989 μικροῦ
608 2887 679 2963 δεῖν
706 2884 891 2983 ἀποτέμνει
917 2881 984 2983 τῆν
1011 2884 1190 2991 κεφαλῆν.
1232 2883 1340 2966 Ἐστι

240 3007 277 3086 δὲ
301 3010 343 3088 τὸ
361 3007 566 3114 φάρμακον,
586 3011 745 3113 βρυωνίοι
772 3013 832 3090 καὶ
856 3008 992 3114 ἀδάρκη
1010 3013 1069 3089 καὶ
1091 3011 1249 3109 σκίλλα,
1269 3009 1340 3090 κατ’

240 3134 323 3215 ’ίσον
352 3134 561 3234 μεμιγμένα.
614 3135 696 3215 Ἵνα
727 3135 764 3214 δέ
791 3135 887 3242 λιίθη
917 3136 1037 3242 φέρων
1064 3135 1106 3217 πδ
1137 3134 1340 3243 φάρμακον,

240 3259 337 3367 φέρει
362 3259 497 3362 πυξίδα
524 3264 657 3362 διπλῆν
685 3264 880 3365 κερατίνην,
910 3267 959 3346 είς
985 3261 1027 3342 τὸ
1054 3262 1214 3369 φανερὸν
1239 3262 1378 3368 μέροςις

239 3385 308 3491 ἕχει
326 3395 543 3485 λιβανωτοῦ,
563 3387 605 3467 τὸ
624 3386 661 3465 δὲ
685 3387 818 3494 ἀφανὲς
839 3387 1043 3495 φάρμακον·
1074 3387 1177 3468 ἀλλά
1195 3394 1255 3470 καὶ
1271 3395 1342 3473 τοῖς

281 3547 311 3603 6.
326 3549 399 3605 Cod.
414 3551 514 3625 λιβάνῳ
527 3555 562 3624 τῷ
575 3550 663 3607 καθώς.
811 3568 935 3626 persona
949 3549 1119 3626 acciperunt.

284 3627 312 3684 8.
327 3629 408 3702 Lege
422 3631 505 3700 κηρὸν,
521 3629 621 3686 melius
634 3630 720 3687 etiam
734 3634 771 3705 τῷ
855 3648 903 3687 πο.
926 3630 1004 3687 Ὲοτς.
1019 3635 1034 3686 ὁ
1050 3631 1340 3705 mammone

241 3710 376 3784 λιβανωτῷ
394 3707 463 3781 [τὸν]
481 3712 566 3780 κηρόν.
811 3711 1111 3781 ὁδέιινῆθεσθαιθέλων.
1133 3712 1284 3771 Ειοίᾶίοκ
1294 3710 1341 3769 nli·

284 3806 312 3861 9.
334 3788 369 3844 In
388 3787 534 3862 margine:
556 3792 615 3862 περὶ
631 3790 769 3863 ἀνθράκων·
812 3791 879 3865 quid
893 3809 956 3848 esse
976 3800 1042 3866 post
1055 3794 1084 3862 ἐᾷ
1098 3793 1228 3851 ostendit
1240 3792 1341 3852 omiss·

242 3870 301 3940 περὶ
315 3870 427 3938 σημείων
439 3874 560 3941 μαγικῶν·
582 3872 644 3942 περὶ
656 3873 720 3926 ὠῶν.
813 3872 921 3928 mentio
941 3876 987 3927 τοῦ
1007 3873 1095 3942 ἀμνοῦ,
1116 3872 1153 3929 ad
1174 3892 1261 3948 quem
1280 3873 1341 3929 ὁδὶ

287 3950 333 4006 1‘2.
348 3949 421 4023 Leg.
437 3949 548 4005 videtur
560 3951 749 4008 ἐπιδείκνυνται.
812 3953 947 4018 refertur;
958 3953 1201 4027 οαατεπαρατιδεὶι
1208 3954 1338 4015 dubium

288 4046 334 4101 14·
363 4029 528 4103 Transpone
554 4034 599 4099 τῆς
626 4032 771 4094 σινωπίδος,
813 4040 908 4089 cetera
921 4041 1008 4090 certa.

244 4110 274 4162 τὸ
288 4109 315 4164 δὲ
328 4114 374 4164 τοῦ
387 4112 514 4182 γροφιιιοῦ
527 4110 644 4179 μέλανος.
853 4112 892 4170 ib.
908 4113 983 4170 Cod.
998 4113 1137 4170 κνίθεσθαι.

288 4190 335 4246 16.
351 4189 422 4246 Cod.
437 4191 510 4246 male
523 4195 606 4247 λαῶν.
855 4210 901 4250 22.
919 4194 992 4250 Cod.
1006 4195 1166 4265 ἀποτέμνειν.

289 4269 334 4326 18.
347 4269 381 4325 In
393 4286 483 4345 marg.
490 4274 554 4344 Περὶ
565 4274 671 4344 σφαγῆς
678 4272 769 4342 ἀμνῶν.
856 4288 902 4348 25.
918 4273 988 4348 Leg.
1004 4273 1033 4344 ῆς
1045 4276 1076 4329 τῦ
1089 4292 1142 4349 pro
1160 4275 1198 4333 είς
1218 4278 1257 4331 τό.
1283 4273 1338 4331 De·

245 4351 299 4406 Pro
313 4356 364 4406 τῶν
379 4352 407 4406 δὲ
427 4352 512 4422 ἀμιῶν
525 4352 592 4409 fort.
606 4352 662 4427 leg.
677 4356 730 4409 τοῖς
744 4354 771 4408 δι’
813 4353 879 4410 inde
899 4357 954 4427 ἔχει
971 4355 1022 4429 [τι]
1038 4358 1185 4421 λιβανωτοῦ
1201 4355 1247 4413 vel
1265 4356 1337 4419 λιβα-

242 4431 335 4502 ἀμνοῦς
348 4431 543 4504 ἀποτίμνεσθαι,
558 4442 665 4490 temere
678 4441 771 4489 muta·
814 4438 893 4490 νωτόν
908 4435 982 4505 (sine
996 4438 1045 4505 τι).

242 4520 303 4568 tum
319 4512 355 4569 ab
369 4512 403 4569 iis
418 4513 465 4587 qui
479 4518 597 4568 ποιοῦσιν
615 4530 667 4586 pro
688 4513 773 4569 tertia
