2782 4972
124 287 168 350 10
568 284 784 350 ORIGENIS

123 445 259 553 ψυχάς.
302 447 373 525 Καὶ
397 443 469 548 γὰρ
488 447 508 524 ὁ
526 443 662 524 τούτων
680 443 902 529 διδάσκαλος
922 443 1140 548 Πυθαγόρας
1158 445 1228 553 ἔφη

123 572 248 653 ἑαυτὸν
277 574 475 677 Εὔφορβον
509 571 693 671 γεγονέναι
722 569 787 651 τὸν
815 573 872 651 ε’πὶ
894 569 1013 651 Ἴλιον
1049 570 1227 675 στρατεύ-

125 735 256 797 σαντα,
277 694 432 804 φάσκων
449 698 696 797 ἑπιγίνωσκειν
712 695 780 795 τὴν
799 699 949 778 ἀσπίδα.
990 705 1117 779 Ταῦτα
1129 695 1230 796 μένό

125 829 386 926 Ἐμπεδοκλῆς.

500 1052 590 1118 Πιιιη
606 1046 849 1118 Ἡεκικιιιτοτ.
1236 1077 1273 1144 50

180 1198 417 1299 Ἡρσκλεῖτος
449 1193 486 1272 δὲ
515 1193 669 1301 φυσικός
698 1193 908 1302 φιλόσοφος
932 1197 952 1274 ό
975 1193 1161 1300 Ἐφέσιος,
1181 1192 1229 1274 τὰ

125 1321 244 1402 πάντα
261 1321 399 1401 ἔκλαιεν
417 1322 566 1422 ἄγνοιαν
582 1330 647 1400 τοῦ
664 1317 799 1405 παντός
826 1322 908 1414 βίον
930 1319 1225 1421 καταγινώσκων,

126 1452 185 1528 καὶ
201 1445 347 1529 πάντων
364 1446 574 1550 ἀνθρώπων·
603 1445 767 1526 ε’λεῶνδέ
793 1445 857 1527 τὸν
874 1453 948 1526 τῶν
971 1453 1110 1547 θνητῶν
1128 1448 1223 1542 βίον.

125 1573 234 1655 αὐτὸν
251 1572 315 1673 μὲν
333 1571 406 1677 γὰρ
423 1572 559 1680 ἔφασκε
576 1572 622 1653 τὰ
639 1570 758 1653 πάντα
775 1573 910 1671 είδέναι,
930 1569 1014 1658 τοὺς
1032 1571 1069 1651 δὲ
1086 1573 1227 1659 ἄλλους

126 1700 335 1804 ἀνθρώπους
362 1697 475 1780 οὐδέν.
539 1702 611 1779 Καὶ
629 1697 735 1784 αὐτὸς
754 1698 791 1777 δὲ
813 1698 946 1805 σχεδὸν
964 1697 1147 1808 σύμφωνα
1173 1705 1270 1807 τηῖες

125 1827 365 1924 Ἐμπεδοκλεῖ
387 1824 601 1933 ἐφθέγξατο,
622 1823 758 1906 στάσιν
775 1829 834 1904 καὶ
858 1826 985 1932 φιλίαν
1003 1822 1129 1932 φήσας
1153 1831 1227 1904 τῶν

126 1950 294 2034 ἁπάντων
322 1949 437 2058 ἀρχὴν
464 1949 562 2049 εἶναι,
593 1955 652 2030 καὶ
677 1961 751 2055 πῦρ
780 1950 901 2056 νοερὸν
920 1950 985 2031 τὸν
1001 1949 1095 2049 θεὸν,
1115 1951 1224 2059 ε’μφέ·

125 2082 255 2184 ρεσθαί
278 2114 317 2161 τε
349 2077 395 2159 τὰ
426 2077 545 2159 πάντα
575 2077 767 2178 ἀλλήλοις,
796 2081 854 2158 καὶ
881 2081 948 2183 οὐχ
976 2075 1136 2175 ε’στοῖναι,
1167 2080 1228 2158 καὶ

125 2204 251 2310 ὥσπερ
269 2210 289 2286 ὁ
307 2207 556 2303 Ἐμπεδοκλῆς
583 2203 701 2284 πάντα
727 2202 791 2285 τδν
809 2206 886 2284 καθ
906 2205 998 2304 ἡμᾶς
1025 2202 1138 2284 τόπον
1155 2205 1226 2312 ἔφη

126 2339 245 2411 κακῶν
272 2328 408 2430 μεστόν
438 2326 537 2427 εἶναι,
571 2334 630 2410 καὶ
658 2331 761 2438 μέχρι
793 2330 830 2410 δὲ
862 2331 1020 2432 σελήνης
1050 2330 1097 2411 τὰ
1133 2330 1273 2412 κακὰόο

127 2455 274 2566 φθάνειν
290 2459 328 2536 ἐκ
355 2466 419 2538 τοῦ
448 2459 529 2562 περὶ
552 2462 623 2559 γῆν
646 2458 759 2540 τόπου
786 2460 948 2556 ταθέντα,
973 2460 1166 2564 περαιτέρω
1189 2458 1225 2539 δὲ

125 2582 175 2684 μῆ
205 2591 344 2691 χωρεῖν,
376 2582 436 2665 ἅτε
475 2585 719 2690 καθαρωτέρου
749 2596 814 2667 τοῦ
847 2585 934 2690 ὑπὲρ
966 2584 1032 2684 τῆν
1065 2587 1226 2687 σελήνην

125 2709 260 2797 παντὸς
278 2711 380 2798 ὄντος
398 2709 522 2792 τόπου.
568 2713 677 2792 Οὕτω
695 2716 755 2792 καὶ
771 2718 823 2819 τῷ
841 2714 1069 2820 Ἡρακλείτῳ
1087 2713 1220 2818 ἔδοξεν.

183 2965 289 3046 Μετὰ
316 2965 463 3051 τούτους
489 2966 651 3066 ε’γένοντο
680 2969 739 3045 καὶ
763 2967 873 3070 ἕτεροι
897 2970 1059 3073 φυσικοὶ,
1084 2971 1136 3047 ὡν
1160 2973 1224 3050 οὐκ

125 3090 319 3194 ἀνάγκοιον
336 3088 549 3194 ἡγησάμεθα
566 3090 631 3177 τὰς
649 3092 759 3197 δόξας
776 3099 895 3193 εἰπεῖν,
915 3092 1024 3194 μηδὲν
1040 3101 1114 3174 τῶν
1131 3131 1222 3200 προ-
1232 3111 1270 3189 65

125 3217 314 3322 ειρημένων
325 3217 632 3326 ἀπεμφαινοόσας.
664 3220 774 3301 Ἀλλ’
787 3223 860 3300 ἐπεὶ
878 3220 1037 3302 καθόλου
1055 3225 1097 3301 οὐ
1115 3222 1226 3328 μικρὰ

125 3345 311 3448 γεγέιηται
332 3342 506 3450 ἠσχολῆ,
526 3349 667 3426 πολλοί
687 3382 726 3427 τε
750 3354 783 3428 οῖ
810 3349 991 3448 μετέπειτα
1009 3352 1159 3456 φυσικοὶ
1181 3348 1227 3456 ἐξ

125 3475 243 3553 αὐτῶν
260 3472 467 3575 γεγένηνται
479 3471 590 3552 ἄλλοι
608 3472 734 3560 ἄλλως
752 3478 832 3579 περὶ
850 3475 994 3583 φύσεως
1007 3485 1072 3556 τοῦ
1088 3474 1226 3564 παντός

126 3598 360 3702 διηγούμενοι,
381 3601 439 3677 καῖ
458 3603 554 3678 δοκεῖ
568 3602 653 3699 ἡμῖν
669 3597 735 3698 τῆν
754 3600 825 3682 ἀπὸ
846 3601 1064 3706 Πυθαγόρου
1081 3604 1222 3704 ἐκθεμέ-

127 3762 208 3812 νους
226 3727 453 3834 φιλοσοφίαν
470 3724 562 3805 κατὰ
580 3725 761 3832 διαδοχὴν,
782 3732 996 3832 ἀναδραμεῖν
1013 3732 1070 3810 ἐπὶ
1093 3728 1140 3810 τὰ
1160 3729 1222 3811 δό-
1235 3760 1275 3819 70

126 3851 242 3957 ξαντα
259 3859 333 3938 τοῖς
344 3851 434 3952 μετὰ
454 3858 598 3953 Θαλῆν,
618 3856 677 3932 καὶ
694 3864 807 3935 ταῦτα
820 3853 1023 3959 ἐξειπόντας
1034 3859 1150 3937 ἐλθεῖν
1167 3860 1228 3938 ε’πί

125 4014 163 4059 τε
181 3978 247 4078 τῆν
264 3978 418 4078 Ἠθικῆν
430 3982 488 4057 καὶ
502 3979 663 4080 Λογικῆν
681 3985 922 4090 φιλοσοφίαν,
939 3981 990 4063 ὧν
1003 3982 1120 4088 ἧρξαν
1141 3990 1220 4066 Σω·

125 4105 257 4211 κρότης
274 4105 338 4207 μὲν
355 4108 518 4205 Ἠθικῆς,
536 4104 796 4210 Ἀριστοτέλης
815 4109 852 4188 δὲ
871 4116 1116 4210 Διαλεκτικῆς.

484 4405 533 4461 60.
547 4408 587 4460 καὶ
599 4406 676 4477 μέχρι
687 4407 734 4475 μὲν
747 4405 862 4474 σελήνης.
