2782 4972
316 301 380 366 116
754 302 969 368 ORIGENIS

316 460 506 612 μυστήρια.
559 461 691 557 Θεμιον
715 460 793 537 δέ
774 494 852 539 εστι
869 460 916 539 τὰ
932 457 1042 614 μικρὰ
1062 457 1314 556 μεμιαγμένους
1329 474 1382 533 αι

315 586 361 665 τὰ
396 584 538 686 μεγάλα
570 591 747 685 μυεῖσθαι.
807 585 927 688 Μόροι
958 584 1030 688 γὰρ
1061 582 1234 683 μείζονες,
1267 582 1389 685 μείζο

315 713 442 815 μοίρας
469 709 709 815 λαγχάνουσι.
772 710 909 815 Μικρά,
925 713 1093 867 φησιν,’
1075 745 1157 791 εστι
1176 708 1226 790 τά
1243 709 1380 809 μυστή
1390 768 1391 774 1

316 838 362 917 τά
387 842 450 935 τῆς
471 835 705 943 Περσεφόνης
730 836 839 934 κάτω,
858 871 938 940 περι
964 834 1016 915 ὧν
1039 838 1258 939 μυστηρίων
1283 840 1341 915 καὶ

317 967 401 1042 ὁδοῦ
425 967 488 1061 τῆς
512 960 673 1062 ἀγούσης
698 966 777 1060 ἐκεῖ,
798 966 911 1061 οὔσης
933 964 1105 1046 πλατείας
1131 967 1193 1041 καὶ
1221 963 1391 1067 εῦρυχιόυ

316 1092 375 1166 καὶ
394 1086 574 1193 φερούσης
598 1086 681 1173 τοῦς
707 1087 979 1186 ἀπολλυμένους
1003 1090 1061 1167 ἐπὶ
1077 1084 1147 1186 τὴν
1168 1085 1384 1192 Περσεφόνη

317 1216 375 1292 καῖ
394 1216 413 1293 ὁ
430 1210 577 1312 ποιητὴς
596 1212 637 1290 δέ
650 1220 779 1320 φησιν·

468 1383 571 1480 Αύτάρ
589 1379 636 1452 ὑπ’
650 1381 743 1469 αύτῆν
758 1381 841 1453 ε’στιν
857 1379 1022 1479 ἀταρπιτάς
1038 1380 1220 1478 ἀκρυόεσσιι,

465 1498 561 1585 κοίλη,
579 1495 728 1584 πηλύὸης·
762 1494 808 1583 ἦτ’
825 1497 1000 1592 ἡγήσασθαι
1018 1494 1129 1593 ἀρίστη

466 1612 562 1692 ἀλσος
579 1612 611 1692 ἒς
628 1612 741 1709 ίμερίευ
756 1609 961 1704 πολυτιμήτου
972 1610 1168 1708 Ἀφροδίτης.

317 1773 426 1856 Ταῦτ’
446 1778 534 1874 ἐστὶ,
555 1780 659 1882 φησὶ,
678 1774 724 1855 τά
751 1773 859 1877 μικρὰ
880 1774 1060 1877 μυστήρια
1087 1770 1133 1851 τά
1156 1778 1224 1871 τῆς
1249 1809 1349 1877 σαρκ

317 1903 498 2003 γενέσεως,
527 1900 552 1981 ἃ
579 1901 765 2001 μυηθέντες
793 1907 826 1981 οί
857 1901 1037 2004 ἅνθρωποι
1063 1897 1174 2001 μικρὰ
1207 1900 1328 1981 παύσ
1344 1945 1352 1973 ι
1370 1918 1391 1970 1¹¹·

317 2032 506 2136 ὀφείλουσι
530 2032 588 2107 καὶ
614 2034 779 2125 μυεῖσθαι
802 2026 848 2105 τά
874 2024 1017 2127 μεγάλα
1043 2023 1089 2104 τὰ
1116 2022 1326 2128 ἐπουράνια.

317 2156 389 2258 γάρ
416 2156 499 2241 τοῦς
520 2160 597 2251 ἐκεῖ,
621 2158 725 2261 φησὶ,
744 2153 916 2259 λαχόντες
938 2150 1081 2256 μόρους,
1104 2148 1269 2251 μείζονας
1310 2155 1390 2224 ’ἰυ

317 2279 581 2377 λαμβάνουσιν.
643 2282 742 2379 Αῦτη
770 2279 852 2382 γὰρ,
881 2282 1006 2384 φησὶν,
1035 2280 1145 2374 ἐστὶν,
1171 2278 1196 2375 ἡ
1224 2276 1328 2377 πύλη
1358 2313 1390 2357 τι

317 2406 479 2506 ούρανοῦ,
512 2411 569 2484 καὶ
607 2408 709 2491 οὗτος
742 2402 835 2490 οἶκος
867 2411 960 2501 θεοῦ,
994 2403 1083 2483 ὅπου
1115 2405 1135 2482 ὁ
1171 2402 1314 2504 ἀγαθός
1351 2422 1363 2474 ‚¹
1388 2448 1391 2475 ι

316 2537 470 2610 κατοικεῖ
478 2528 599 2630 μόνος,
616 2538 664 2617 είς
678 2532 719 2612 όν
734 2535 796 2611 οὐκ
810 2529 1059 2627 είσελεύσεται,
1078 2532 1205 2635 φησὶν,
1220 2529 1391 2634 ἀκάθαρτ

318 2659 439 2755 οὐδεὶς,
461 2658 502 2738 ού
519 2656 687 2766 φυχικὸς,
709 2661 750 2738 ού
768 2654 950 2759 σαρκικός,
970 2653 1071 2734 ἀλλά
1088 2660 1244 2757 τηρεῖται
1261 2690 1351 2736 πνευ
1381 2702 1388 2726 ι

316 2790 425 2869 τικοῖς
444 2785 576 2884 μόνοις,
599 2785 688 2864 ὅπου
717 2789 770 2863 δεῖ
789 2782 999 2884 γενομένους
1021 2788 1148 2875 λαβεῖν
1172 2781 1222 2859 τὰ
1242 2782 1328 2862 ε’νδύ
1359 2827 1366 2851 ι

317 2914 374 2989 καῖ
396 2909 533 2995 πάντας
556 2910 721 3012 γενέσθω
749 2910 922 3015 νυμφίους
940 2906 1259 3011 ἀπηρσενωμὲνους
1277 2908 1338 2989 διὰ
1357 2943 1391 2987 τι

317 3043 528 3140 παρθενικοῦ
558 3036 768 3136 πνεύματος.
829 3037 928 3134 Αῦτη
956 3032 1029 3137 γάρ
1057 3035 1156 3113 ε’στιν
1188 3034 1212 3131 ἡ
1247 3034 1391 3137 παρθέν

318 3165 393 3262 ἡέν
412 3167 544 3267 γαστρὶ
570 3163 706 3269 ἔχουσα
730 3166 788 3241 καὶ
815 3159 1134 3259 συλλαμβάνουσα
1160 3163 1219 3238 καὶ
1248 3160 1348 3240 πίκτο
1375 3203 1382 3231 ι

320 3289 406 3388 υἱὸν,
429 3292 470 3370 οῦ
486 3288 655 3397 φυχικῖιν,
678 3292 719 3368 οῦ
743 3286 963 3387 σωματικὸν,
985 3286 1085 3365 ἀλλά
1112 3282 1289 3388 μακάριον
1309 3292 1375 3364 αίῶ

318 3415 467 3496 αίιύνων.
511 3419 600 3519 Περι
614 3415 760 3512 τούτων,
774 3416 879 3521 φησι,
894 3410 1137 3568 διαρρηδην”
1104 3444 1240 3515 ειρηκεν
1253 3415 1276 3491 ό
1379 3410 1389 3436 “

318 3541 372 3621 ὅτι
393 3552 419 3587 “
432 3573 541 3638 στενη
566 3544 624 3618 καὶ
651 3538 909 3637 τεθλιμμένη
892 3571 991 3616 εστιν
1014 3572 1036 3635 η
1026 3532 1193 3619 “bebs
1172 3569 1195 3633 η
1222 3532 1381 3688 ἀπᾶγρ

225 3690 265 3758 37
280 3695 308 3737 v
316 3671 365 3750 είς
385 3663 451 3761 τὴν
470 3661 574 3763 ζωην,
594 3699 652 3743 και
639 3667 832 3766 ὀλίγοι’
806 3668 896 3743 εισὶν
915 3668 947 3742 οἱ
970 3660 1208 3813 εἰσερχόμενοι
1224 3666 1275 3745 είς
1292 3696 1391 3759 αντη

317 3794 471 3868 πλατεῖα
495 3785 532 3864 δέ
558 3822 616 3868 και
642 3786 840 3895 εὐρύχωρος
869 3825 890 3887 η
879 3786 1039 3872 ὁδος
1019 3823 1041 3885 η
1067 3784 1264 3887 ἀπάγουσα
1287 3792 1336 3872 είς

318 3914 511 4012 ἀπώλειαν,
532 3919 590 3993 καὶ
607 3919 746 3996 πολλοί
761 3924 851 3997 εῖσιν
870 3921 903 3996 οἱ
921 3915 1135 4020 διερχόμενοι
1153 3912 1195 3991 δι’
1215 3914 1360 4012 αῦτῆς.”

281 4062 308 4138 9
366 4040 452 4121 Ἔτι
484 4041 523 4120 δέ
554 4046 587 4120 οἱ
615 4042 754 4146 Φρύγες
782 4043 933 4143 λέγουσι
960 4039 1024 4120 τὸν
1055 4036 1190 4142 πατέρα
1217 4046 1291 4119 τῶν
1321 4040 1367 4119 ἀλ

359 4267 388 4322 6.
416 4265 486 4339 Leg.
509 4263 638 4334 θίσμιονῒ
669 4266 725 4323 hoc
753 4265 846 4340 potius
931 4280 977 4336 13.
992 4263 1064 4319 eod.
1080 4263 1232 4334 ἀτρυπητός.

319 4365 402 4420 quam
417 4346 488 4416 θέμις
501 4343 547 4402 vel
561 4345 670 4415 θεμιτόν.
933 4360 978 4414 ¹4·
994 4342 1066 4399 cod.
1080 4343 1118 4412 ἤτ’
1131 4342 1288 4416 ἧγῆσασθω.

356 4444 401 4483 12.
416 4428 445 4482 δι’
458 4425 617 4484 delendum.
929 4439 977 4491 30.
992 4421 1022 4480 S.
1035 4423 1140 4479 Matth.
1155 4422 1219 4479 v11.
1237 4439 1270 4495 13
1283 4438 1324 4495 aq.
