2782 4972
475 678 1068 793 ΩΡΙΓΕΝΟΥΣ

223 961 331 1035 ΤΟΥ
364 963 507 1038 ΚΑΤΑ
537 961 718 1036 ΠΑΣΩΝ
750 959 1028 1034 ΑΙΡΕΣΕΩΝ
1063 959 1320 1035 ΕΛΕΓΧΟΥ

633 1203 812 1267 BIBAION
839 1195 879 1268 1'.

646 1444 869 1477 ...ον-

176 1636 376 1750 1TAAE
405 1667 542 1747 ἔνεστιν
565 1668 603 1744 ἐν
627 1672 674 1770 τῇ
696 1663 823 1770 δεκάτη
847 1674 913 1746 τοῦ
938 1666 1036 1746 κατά
1060 1675 1203 1748 πασῶν
1230 1665 1314 1768 αίρέ·

207 1831 303 1876 σεων
321 1793 512 1898 Ἐλέγχου.

175 1944 196 1997 2
263 1916 441 2018 Ἐπιτομὴ
459 1917 605 1999 πάντων
622 1925 696 1997 τῶν
714 1917 947 2025 φιλοσόφων.

174 2059 198 2134 3
264 2043 441 2144 Ἐπιτομὴ
459 2052 592 2125 πασῶν
610 2044 793 2146 αἱρέσεων.

175 2188 201 2255 4
269 2175 341 2252 Καὶ
359 2175 416 2250 ἐπὶ
436 2178 530 2251 πᾶσι
546 2172 599 2256 τίς
619 2174 638 2250 ὁ
656 2175 720 2269 τῆς
738 2171 904 2269 ἀληθείας
922 2168 1049 2271 λόγος.
1319 2189 1335 2249 5

178 2436 198 2513 5
266 2421 342 2501 Τὸν
370 2384 602 2525 λαβύρινθον.
617 2430 690 2503 τῶν
716 2422 885 2525 αὶρεσεων
910 2423 1038 2527 οὔβίᾳ
1059 2421 1314 2528 διαρρήξαντες

211 2545 313 2628 ἀλλά
352 2547 451 2655 μάνῳ
492 2549 629 2656 ἐλέγχῳ
670 2550 837 2648 ἀληθείας
873 2546 1017 2646 δυνάμει
1059 2548 1309 2641 διαλάσαιπες,

211 2676 389 2781 πρόσιμεν
421 2678 477 2756 ἐπὶ
509 2674 575 2773 τὴν
603 2681 667 2774 τῆς
698 2677 865 2774 ἀληθείας
896 2671 1093 2777 ἀπόδειξιν·
1134 2675 1217 2756 τότε
1246 2671 1311 2775 γάρ

212 2809 276 2902 τῆς
302 2801 444 2900 πλάνης
471 2802 615 2905 ἐντεχνα
641 2803 857 2907 σοφίσματα
884 2800 1079 2881 ἀσύστατα
1104 2802 1310 2910 φωιερωθη·

213 2963 327 3025 σεται,
357 2926 448 3007 ἐπάν
481 2930 501 3006 ὁ
532 2931 596 3025 τῆς
627 2927 793 3025 ἀληθείας
821 2927 903 3029 ὅρος
934 2929 1115 3033 ἀποδειχθῇ
1150 2932 1217 3009 οὐκ
1245 2924 1311 3008 ἀπὸ
1320 2965 1346 3003 ιο

212 3057 347 3162 σοφίας
376 3055 570 3154 Ἑλλήνων
602 3051 715 3160 ἀρχάς
745 3055 975 3154 μεταλαβὼν,
1006 3057 1078 3136 οὐδ
1107 3059 1311 3159 Αίγιπιτίων

213 3177 458 3281 δόγματα(τά
483 3182 521 3257 ἐν
548 3182 667 3265 αὐτοῖς
695 3180 769 3279 μετ’
789 3179 1018 3284 ἀξιοπιστίας
1045 3181 1310 3285 θρησκευόμενα

94 3339 156 3401 ¹24
168 3344 195 3384 v.
211 3305 359 3413 μάταια)
377 3310 424 3390 ὡς
441 3305 579 3406 ἀρρητα
597 3309 783 3411 διδαχθεὶς,
800 3307 879 3387 οάδέ
898 3310 1096 3388 Χαλδαίων
1115 3306 1311 3413 ἀσυοτάτῳ

212 3434 391 3536 περιεργίᾳ
408 3435 612 3538 σοφισθεὶς,
634 3430 714 3511 οὐδὲ
732 3435 977 3529 Βαβυλωνίων
998 3436 1191 3542 ἀλογίστῳ
1207 3434 1310 3536 μανίᾳ

212 3558 254 3635 δι’
273 3558 503 3667 ἐν[εργει’]ας
520 3558 697 3655 δαιμόνων
715 3565 971 3661 καταπλαγεὶς,
991 3562 1077 3639 ἀλλ’
1097 3565 1149 3645 ὡς
1167 3559 1345 3665 ὑπάρχοις

211 3681 333 3788 τρόπῳ
350 3682 431 3785 ὅρος
445 3680 583 3782 ἀληθὴς
597 3682 658 3780 ὧν,
673 3684 882 3791 ἀφύλακτός
894 3722 931 3767 τε
947 3693 1005 3767 καὶ
1019 3689 1309 3781 ἀκαλλώπιστα,

211 3811 322 3908 μόνον
354 3810 476 3915 φανεὶς
513 3809 653 3913 ἐλέγξει
683 3808 749 3909 τὴν
780 3811 938 3911 πλάνην.
998 3817 1088 3916 Περὶ
1122 3815 1166 3894 οὗ
1196 3820 1224 3892 εί
1256 3814 1308 3891 καὶ

210 3933 420 4018 πλειστάκις
448 3933 643 4038 ἀποδείξεις
669 3935 902 4035 ἐποιήσαμεν,
924 3941 982 4017 καὶ
1010 3944 1140 4024 ἱκανῶς
1164 3938 1229 4020 τὸν
1251 3943 1309 4036 τῆς

253 4181 279 4233 4.
297 4162 368 4218 Cod.
385 4164 426 4217 ἐπὶ
440 4168 475 4237 τῷ
488 4166 532 4233 μὴ,
829 4183 872 4242 15.
888 4166 1033 4224 Lacunam
1048 4167 1236 4243 explevimus.

252 4241 288 4296 ib.
305 4243 328 4297 F
328 4252 382 4297 ort.
398 4250 489 4298 πασῶν
502 4252 553 4298 τῶν
566 4247 697 4317 αίρέσεων.
824 4246 862 4302 ib.
882 4247 1069 4305 Scribendum
1086 4248 1199 4306 videtur
1211 4249 1268 4304 ἀλλ’
1278 4243 1306 4322 ᾇ.

254 4320 281 4376 8.
298 4323 368 4377 Cod.
383 4327 530 4394 πρόσειμεν.
826 4327 871 4384 16.
888 4328 959 4386 Cod.
974 4329 1086 4397 ἀληθιίς.
