2782 4972
232 289 276 349 σο
672 230 888 351 οὶιιαιιιιις
1210 254 1214 259 ’
1271 272 1366 340 τοι

176 482 222 541 12
289 451 356 534 Τίς
375 449 416 527 οὐ
433 443 609 544 θαυμοίσει
626 443 692 544 τὴν
710 444 892 543 τοσαύτην
904 442 1080 550 φροντίδα
1096 438 1188 541 μετὰ
1204 434 1373 522 τυποῖ-95

232 612 297 657 του
329 572 442 655 πόνου
475 570 733 673 γεγενημένην;
779 573 843 649 οὔκ
876 572 1016 675 ἀχρεῖος
1046 566 1089 647 δι’
1114 600 1180 666 μοι
1215 565 1338 645 οὑτοσὶ

234 704 254 780 ὁ
275 703 502 796 Πτολεμαῖος
520 700 540 776 ὁ
557 694 694 776 τούτων
711 692 926 798 μεριμνητὴς
944 697 1049 773 δοκεῖ·
1081 699 1192 772 τοῦτο
1213 687 1253 768 δὲ
1271 686 1334 788 μθ·

234 861 297 905 νον
332 830 452 920 λυπεῖ,
489 826 538 906 ὡς
568 821 784 928 πρόσφατος
821 823 999 977 γεννηθεὶς
1036 820 1101 897 οὐκ
1137 819 1336 968 εὔχρηστος

233 952 418 1053 γεγέιογται
444 946 626 1050 γιγάντων
652 952 779 1028 παισὶν
805 946 838 1026 οῖ
861 981 908 1026 τα
933 944 1044 1048 μίτρα
1064 952 1181 1023 ταῦτα
1202 943 1333 1091 ἠγνοη-

234 1075 332 1161 κθτες
352 1073 461 1176 ἐγγύς
479 1070 736 1173 νομίζοντες
704 1108 791 1152 ειναι
797 1076 892 1228 ὕψη
919 1074 1084 1175 ούρανοῦ,
1105 1069 1251 1173 πύργον
1267 1064 1333 1166 μθ·
1318 1095 1354 1133 ·¹

233 1237 300 1300 την
318 1201 550 1305 ἐπεχείρησαν
568 1205 693 1296 ποιεῖν,
714 1197 766 1283 οἷς
784 1202 833 1283 ὡς
859 1232 887 1275 ει
915 1198 990 1277 κατ’
1009 1199 1119 1277 ε’κεῖνο
1144 1193 1274 1297 παρὸν
1292 1189 1336 1273 τὰ

233 1362 344 1431 μετρα
369 1324 642 1426 διηγήσατο,
603 1358 667 1403 ουκ
691 1322 737 1402 οῖν
755 1322 872 1422 μα’την
888 1321 1184 1422 τετολμῆκεισαν·
1235 1322 1282 1399 Ει
1302 1314 1342 1395 δε

233 1487 287 1538 τις
303 1451 418 1558 τούτῳ
437 1449 607 1558 φύσκι’
587 1456 762 1546 απιστεῖν,
782 1448 964 1552 μετρήσας
988 1445 1178 1528 πειθέσθω·
1208 1443 1337 1542 ταύτης

234 1612 306 1681 γαρ
319 1576 566 1684 φανεροπέραν
582 1574 819 1678 ἀπόδειξιν’
781 1609 844 1654 ουκ
861 1574 931 1679 ἔχει
947 1608 1038 1679 προς
1049 1606 1134 1657 τονς
1147 1572 1332 1655 ἀπιοτονς
1340 1599 1357 1662 5

228 1699 533 1802 Ωματαιοπθνου
552 1736 610 1780 και
596 1705 751 1808 ψυχης
769 1699 984 1807 φυσιωσεως
1000 1700 1059 1778 καὶ
1076 1698 1236 1783 πίστεως
1253 1698 1332 1777 ἀπί-

234 1864 339 1926 στου,
366 1828 425 1907 ἵνα
453 1825 598 1908 πάντων
627 1832 853 1926 Πτολεμαῖος
880 1824 1000 1933 σοφὸς
1027 1820 1213 1924 νομίζηται
1239 1820 1335 1925 παρὰ

161 1966 180 2031 8
199 1990 225 2033 r.
233 1961 308 2040 τοῖς
325 1953 391 2054 τὴν
409 1955 534 2053 ὁμοίαν
551 1954 688 2059 σοφίαν
706 1951 898 2051 ἡσιτηκύσι.

175 2114 221 2194 13
290 2080 440 2164 Τούτοις
457 2082 496 2158 ἐν
512 2078 606 2181 με’ρει
625 2075 832 2182 ἐπισχόντες
849 2074 939 2161 τινὲς
956 2078 1006 2159 ὡς
1021 2071 1169 2175 μεγάλα
1192 2074 1330 2177 κρίνον·

232 2239 289 2290 τες
316 2211 375 2284 καὶ
403 2207 519 2306 λόγου
545 2202 632 2308 α”ξια
662 2204 871 2303 νομίσαντες
898 2200 1048 2305 αἱρέσεις
1076 2198 1251 2303 ἀμέτρους
1278 2201 1369 2278 miso

233 2332 397 2432 ἀπείρους
422 2328 711 2428 συνεστήσαντο·
752 2325 829 2407 Ὧν
854 2326 902 2413 εἷς
922 2325 987 2427 μὲν
1012 2322 1331 2427 Κολύρβασος,δς

234 2453 291 2533 διὰ
308 2454 447 2557 μέτρων
465 2457 524 2532 καὶ
546 2457 706 2557 ἀριθμῶν
722 2455 921 2534 ἐκτίθεσθαι
938 2451 1142 2547 θεοσεᾝειαν
1157 2454 1329 2556 ἐπιχωρεῖ

232 2583 292 2659 καὶ
325 2580 435 2683 ἕτεροι
465 2579 503 2659 δὲ
536 2582 664 2678 ὁμοιως
694 2579 755 2664 οὕς
785 2577 1013 2683 ἐπιδείξομεν,
1047 2575 1138 2658 ἐπὰν
1173 2575 1223 2657 τὰ
1256 2579 1330 2679 περὶ

232 2707 353 2785 αὐτῶν
369 2703 561 2809 ἀρξώμεθα
579 2705 709 2806 λέγειν,
724 2704 757 2785 οῖ
777 2703 1008 2810 Πυθαγορείῳ
1021 2701 1140 2811 ψῆφφ
1158 2704 1210 2788 ὦς
1228 2705 1328 2783 δυνο-

232 2836 277 2937 ry}
296 2833 530 2938 προσέχουσι,
543 2834 602 2911 καὶ
619 2829 686 2930 τὴν
703 2834 858 2938 ἀσφαλῆ
878 2830 1104 2937 φιλοσοφίαν
1120 2827 1163 2907 δι’
1174 2832 1329 2933 ἀριθμῶν
1340 2857 1348 2897 ι
1352 2850 1367 2914 5

233 2961 291 3037 καὶ
328 2960 516 3063 στοιχείων
551 2955 780 3063 σχεδιάᾷιυσι
814 2957 1064 3056 μαντευόμενοι
1094 2953 1242 3054 μάταια·
1282 2951 1330 3033 ιῦν

232 3084 372 3181 ὁμοίους
386 3083 521 3183 λόγους
538 3080 785 3187 ἐρανισθμενοί
797 3117 888 3167 τινες
906 3084 1170 3162 ἀποπλανοῖσιν
1183 3079 1330 3173 ἱδιοῖτιις,

231 3207 525 3312 προγνωστικούς
561 3205 705 3293 ἑαυτούς
741 3206 942 3315 φάσκοντες
978 3206 1053 3286 ἔσθ
1083 3206 1141 3285 ὕτε
1176 3205 1238 3286 διὰ
1269 3212 1330 3285 τοῦ

230 3334 358 3415 πολλὰ
378 3334 612 3434 μαντεύεσθαι
630 3331 668 3412 ἓν
686 3330 992 3439 ἐπιτυγχάνοντες,
1012 3335 1071 3421 καὶ
1092 3334 1151 3411 ἐπὶ
1173 3330 1241 3431 μὲν
1262 3336 1331 3415 τοῖς

230 3467 385 3544 πολλοῖς
408 3459 656 3560 ἄποτεύγμασι
679 3458 729 3558 μὴ
748 3459 958 3557 αἰδούμενοι,
980 3462 1038 3537 ἐπὶ
1060 3456 1099 3536 δὲ
1120 3460 1173 3564 τῷ
1197 3460 1251 3538 ἑνὶ
1273 3458 1368 3558 ‘’y-20

231 3582 480 3685 κομπάζοντες.
533 3584 629 3664 Οὐδὲ
654 3583 790 3664 τούτων
807 3582 873 3683 τὴν
892 3583 1037 3690 ἄσοφον
1055 3584 1193 3690 σοφίαν
1214 3616 1328 3686 παρα·

273 3841 322 3899 99.
339 3821 411 3878 Cod.
426 3824 514 3877 πᾶσιν.
802 3842 871 3877 wc:
904 3820 958 3877 nisi
983 3819 1088 3876 omissa
1112 3820 1244 3894 quadam
1270 3827 1331 3878 sunt

275 3921 302 3959 ο.
328 3903 362 3959 ὥς
381 3901 542 3966 delendum.
561 3902 606 3959 vel
627 3901 702 3958 οὗτος
720 3901 760 3957 le·
803 3902 832 3957 in
846 3901 900 3957 hac
914 3900 1018 3975 phrasi,
1033 3902 1110 3973 quod
1129 3902 1228 3978 potius
1243 3900 1330 3961 credi·

232 3983 367 4059 gendum.
803 3982 901 4039 derim.

274 4063 301 4118 6.
327 4063 399 4136 Leg.
424 4060 444 4116 ὦ
471 4063 578 4130 ματαίου
607 4065 694 4126 τόνου,
716 4060 761 4116 vel
848 4080 892 4117 11.
917 4060 962 4117 cf.
983 4061 1093 4118 Matter
1116 4062 1190 4118 Hm.
1212 4063 1279 4120 crit.
1300 4061 1332 4117 du

233 4142 295 4199 dele
316 4146 365 4198 καί.
399 4142 474 4199 Vide
494 4160 580 4215 supra
599 4161 628 4216 p.
643 4159 686 4211 ¹4·
728 4141 763 4197 In
808 4142 994 4205 Gnostidsme,
1009 4151 1078 4199 tom.
1089 4160 1118 4208 2,
1134 4158 1237 4218 μου.

233 4241 324 4297 marg.
354 4221 424 4281 cod.
458 4221 561 4279 litteris
595 4222 760 4279 rubricatis:
848 4240 893 4278 12.
909 4222 982 4278 Cod.
997 4222 1097 4294 ἐπιρρεῖ
1108 4221 1193 4278 mule.

233 4304 348 4372 Διοβολι)
361 4304 463 4358 πάντων
476 4306 577 4373 σοφῶν.
850 4316 893 4377 ¹7·
909 4301 981 4360 Cod.
996 4303 1157 4374 ίρανίσαμεν·
1172 4301 1199 4358 οῖ
1209 4324 1286 4362 τινος.

275 4397 302 4454 7.
323 4382 377 4437 Pro
391 4384 492 4437 πάντων
504 4381 560 4455 leg.
574 4382 686 4440 videtur
698 4386 760 4440 miv-
849 4384 893 4439 18.
909 4382 983 4439 eod.
997 4382 1242 4456 τρόιγκσπωύς.
