2782 4972
128 295 193 359 270
571 288 792 355 ORIGENIS
1140 281 1224 350 vm
1237 297 1288 343 12-

125 451 265 549 Ἐκείνη
282 451 359 549 μία,
380 452 510 556 φησὶν,
530 447 630 528 ἔστιν
647 449 671 548 ἡ
688 445 993 552 πολυπρόσωπος
1008 452 1072 528 καὶ
1089 445 1230 551 μυριίμ·

128 609 241 674 ματος
277 577 336 652 καί
369 572 593 675 μυριώνυμος
628 574 693 671 μία
724 583 789 653 τοῦ
820 579 845 651 ἶ
863 576 1004 676 κεραία,
1036 574 1117 673 ἥτις
1148 575 1234 653 ἐστὶν

129 700 231 779 εἰκῶν
248 708 313 780 τοῦ
330 700 465 780 τελείου
483 697 674 802 ἀνθρώπου
692 701 823 779 ε’κείνου
840 708 908 779 τοῦ
927 698 1105 803 ἀοράτου.

74 847 121 926 ¹3
179 825 314 907 Ἔστιν
336 827 412 923 οὖν,
434 829 562 931 φησὶν,
583 824 776 926 ἡμονοίςὴ
797 827 862 925 μία
884 829 1013 930 κεραία
1041 830 1104 905 καὶ
1129 824 1233 909 δεκάς·

24 965 86 1027 106
98 984 123 1025 r.
133 954 280 1052 δύναμις
303 951 375 1056 γὰρ
400 954 489 1057 αὐτῇ
516 951 559 1032 τὸ
583 955 681 1052 ῖτῆς
704 959 788 1052 μιᾶς
809 954 954 1056 κεραίας
984 958 1045 1033 καὶ
1075 953 1162 1039 δυὰς
1186 955 1268 1045 καίςι

132 1079 232 1184 τριὰς
260 1081 318 1158 καὶ
343 1078 468 1182 τετρὰς
495 1082 554 1158 καὶ
580 1077 710 1164 πεντὰς
737 1083 796 1158 καὶ
825 1076 913 1183 ἑξὰς
942 1083 1005 1159 καί
1031 1079 1158 1177 emas,
1186 1081 1237 1159 καί

134 1205 279 1307 ὀγδοὰς,
299 1210 358 1284 καὶ
375 1204 492 1290 ἐννεὰς
509 1203 613 1310 μέχρι
629 1213 703 1285 τῶν
721 1205 814 1284 δέκα.
864 1207 984 1287 Οὗτοι
1002 1207 1095 1311 γὰρ,
1116 1209 1234 1315 φησὶν,

133 1337 224 1412 εἰσὶν
247 1337 279 1411 οἰ
301 1335 538 1436 πολυσχεδείς
564 1333 706 1434 ἀριθμοὶ
732 1332 770 1410 έν
792 1333 904 1436 ε’κείνη
930 1337 1235 1437 κατοικοῦντεςτῇ

135 1460 235 1562 ἁπλῇ
261 1460 320 1536 καί
343 1457 527 1565 ἀσυνθέτφ
551 1467 616 1538 τοῦ
642 1463 728 1537 ἰῶτα
752 1459 874 1564 κεραιζι
894 1465 977 1566 μιᾷ.
1043 1466 1120 1541 Καὶ
1142 1470 1235 1541 τοῦτο

133 1585 211 1663 ε’στί
224 1581 266 1663 τὸ
283 1583 473 1687 εἰρημένον,
486 1584 539 1664 ἰντι
553 1595 574 1631 “
583 1591 657 1664 πῶν
668 1581 711 1664 τὸ
725 1583 909 1687 πλήρωμα
922 1585 1112 1688 ηὐδόκησε
1127 1618 1266 1679 κατα-55

135 1714 244 1809 κῆσαι
268 1713 325 1790 ἐπὶ
348 1709 412 1790 τὸν
438 1709 513 1790 υἰὸν
536 1718 600 1791 τοῦ
622 1709 830 1814 ἅνθρῶπου”
851 1720 1090 1809 σωματικῶς·
1121 1719 1157 1792 αἰ
1173 1712 1233 1815 γὰρ

133 1847 291 1918 τοιαῦται
318 1844 391 1917 τῶν
418 1839 577 1939 ἀριθμῶν
604 1836 790 1921 συνθέσεις
815 1835 860 1939 ἐξ
885 1839 1014 1938 ἁπλῆς
1041 1844 1104 1919 καί
1133 1843 1231 1921 ἀσυν·

135 1965 237 2046 θέτου
263 1969 327 2064 τῆς
349 1971 431 2063 μιᾶς
457 1963 597 2065 κεραίας
618 1970 682 2041 τοῦ
710 1967 809 2059 ἰῶτα,
829 1968 1038 2061 σωματικαὶ
1057 1966 1230 2067 γεγόνασι,

136 2094 262 2197 φησὶν,
278 2088 506 2172 ὑποστάσεις.
539 2087 690 2188 Γέγονεν
706 2089 779 2184 οὖν,
791 2092 918 2192 φησὶν,
929 2089 1008 2170 ἀπὸ
1026 2101 1095 2172 τοῦ
1112 2092 1232 2171 τελείου

135 2218 326 2320 ἀνθρώπου
345 2221 365 2297 5
384 2215 457 2301 υίὸς
474 2224 539 2296 τοῦ
556 2215 758 2319 ἀνθρώπου,
772 2215 814 2295 ὃν
829 2215 987 2316 ἔγνωκεν
1005 2220 1131 2316 οὐδεὶς,
1149 2225 1262 2326 φανά)

135 2340 272 2441 τοίζετοα
298 2341 347 2438 δὲ,
369 2348 499 2449 φησὶν,
519 2346 567 2426 εἰς
585 2342 743 2443 γέννημα
768 2343 912 2440 θηλείας
940 2344 964 2441 ἡ
994 2346 1116 2430 κτίσις
1141 2352 1230 2425 πᾶσι

135 2465 198 2546 τὸν
228 2464 303 2545 υἱῶν
336 2469 533 2567 ἀγνοοῦσα,
565 2468 607 2546 οὗ
640 2472 715 2547 υἰοῶ
746 2469 808 2546 καί
835 2501 926 2552 τινες
957 2471 1117 2574 ἀμυδραὶ
1147 2470 1228 2551 πιίνυ

134 2590 398 2693 ἐμπελάζουσαι
421 2598 511 2700 τῶδε
532 2598 584 2699 τῷ
607 2591 734 2701 κίσμιρ
761 2594 958 2699 συνέχουσι
986 2601 1046 2676 καὶ
1075 2633 1225 2702 συγκρα·

135 2728 240 2799 τοῦσι
272 2717 338 2818 τὴν
369 2717 588 2819 μεταβολὴν,
619 2717 685 2818 τὴν
721 2720 871 2821 γένεσιν.
931 2719 990 2802 Τὸ
1029 2721 1069 2801 δὲ
1103 2722 1227 2805 κάλλος

135 2846 264 2924 ε’κείνου
288 2853 352 2924 τοῦ
379 2850 453 2924 υἱοῦ
479 2854 543 2924 τοῦ
571 2844 760 2947 ἀνθρώπου
783 2845 886 2951 μέχρι
911 2854 977 2925 νῦν
1000 2855 1121 2928 πᾶσιν
1142 2850 1257 2940 ἑοτίνός

135 2969 391 3069 ἀκατάληπτον
416 2969 627 3072 ἀνθρώποις,
648 2971 730 3051 ὅσοι
747 2973 827 3073 περὶ
847 2969 889 3051 τὸ
908 2973 1073 3072 γέννημα
1091 2978 1156 3073 τῆς
1172 2978 1225 3071 θη·

135 3098 233 3182 λείας
251 3100 320 3176 εἰσί
337 3096 612 3196 πεπλανημένοι.
659 3097 810 3199 Γέγονεν
829 3099 905 3195 οὖν,
927 3101 1060 3205 φησὶν,
1083 3097 1227 3181 ἀπὸτοῦ

134 3222 324 3325 ιίνθρῶπου
342 3224 471 3301 ἐκείνου
490 3221 589 3302 οὐδὲν
607 3230 679 3301 τῶν
696 3221 832 3321 ἐνθάδε,
854 3223 933 3303 οὐδὲ
953 3224 1060 3304 {om
1077 3227 1224 3307 πώποτε.

135 3348 193 3429 T&
212 3348 248 3426 δὲ
266 3346 441 3450 γεγονότα
457 3347 576 3427 πάντα
599 3351 662 3427 οὐκ
687 3348 759 3429 ἀπὸ
784 3350 873 3431 ὅλου
897 3350 1002 3429 ἀλλὰ
1019 3351 1094 3433 ἀπὸ
1112 3352 1227 3456 μέρους

133 3472 229 3557 τινὸς
246 3474 369 3575 γέγονε
388 3483 452 3553 τοῦ
472 3478 547 3553 υἰοῦ
565 3483 629 3554 τοῦ
647 3474 848 3577 ἀνθρώπου.
881 3473 996 3555 Ἔστι
1014 3475 1099 3580 γὰρ,
1111 3479 1260 3584 φησίν,ῑο

134 3603 154 3679 5
172 3599 245 3684 υίὸς
263 3610 326 3680 τοῦ
344 3599 534 3703 ἀνθρώπου
552 3605 639 3679 ἰῶτα
654 3603 692 3678 ἐν
709 3606 775 3706 μιᾷ
792 3602 925 3706 κεραίᾳ,
938 3603 1066 3706 ῥυείση
1084 3602 1223 3682 ἄνωθεν·

132 3726 280 3828 πλήρεις
308 3730 574 3828 ἀποπληροῦσα
603 3725 752 3823 πάντας,
783 3727 919 3831 ἔχουσα
951 3729 989 3806 έν
1022 3729 1131 3834 ἑαυτῇ
1162 3728 1224 3808 ὅσα

132 3854 189 3929 καί
209 3855 228 3929 5
245 3851 432 3953 ἅνθρωπος
450 3853 517 3956 ἔχει
536 3855 556 3931 5
573 3849 692 3954 πατὴρ
709 3862 773 3931 τοῦ
793 3857 868 3931 υἰοῦ
885 3862 950 3932 τοῦ
968 3854 1173 3957 ἀνθρώπου.

76 3995 125 4066 14
189 3975 339 4077 Γέγονεν
357 3979 419 4056 οὖν
433 3977 580 4076 κόσμος,
594 3975 642 4062 ῶς
656 3985 749 4085 φησι
770 3982 946 4078 Μωϋσῆς,
960 3980 998 4057 ἐν
1016 3977 1063 4082 ἓξ
1077 3980 1221 4083 ἡμέραις,

175 4169 221 4224 52.
238 4149 311 4207 Cod.
327 4155 443 4210 καίἑνάς.
741 4152 987 4225 61.Οο(1.γένημο
1016 4153 1066 4211 sic
1080 4163 1111 4212 et
1125 4155 1172 4219 66,
1181 4170 1220 4227 97-

174 4247 222 4304 54.
238 4232 310 4287 Cod.
325 4234 377 4302 μία.
742 4233 791 4290 62.
814 4233 1024 4307 Corrigendum
1048 4236 1146 4294 ἀκτῖνες
1166 4236 1220 4303 ἆμι-

173 4324 190 4384 5
194 4323 220 4385 5.
235 4310 347 4368 Coloss.
364 4313 387 4376 1.
401 4331 447 4388 19,
460 4313 533 4369 unde
549 4313 659 4370 correxi
701 4315 768 4386 δροί.

132 4389 236 4445 codicis
250 4394 344 4448 παντὸς
357 4397 403 4448 πλ.
744 4411 791 4468 72.
808 4394 886 4452 Fort.
899 4393 1008 4466 πλὴρης.
