2782 4972
128 306 193 368 232
529 358 534 365 .
570 300 787 367 ORIGENIS
1154 300 1280 365 vun-

131 466 188 542 καὶ
205 459 504 566 πολυχρωμότων
522 463 581 539 καὶ
595 456 896 540 πολυσυοποίτων
914 459 1027 555 ἰδέας,
1045 460 1158 544 οὕτως
1172 459 1228 562 ἔχει

131 584 173 668 τό
192 586 431 685 καταβληθὲν,
452 590 581 692 φησὶν,
602 583 672 666 ὐπὸ
692 593 757 665 τοῦ
785 587 849 664 οὐκ
876 584 983 668 ὄντος
1001 590 1102 679 θεοῦ,
1123 586 1182 663 οὐκ
1197 583 1230 663 ὃν

132 712 277 815 σπέρμα
294 719 358 791 τοῦ
377 708 527 809 κόσμου,
541 709 783 816 πολύμορφον
802 713 894 808 ὁμοῦ
912 713 974 788 καὶ
993 709 1220 790 πολυούσιον.

71 862 120 915 22
191 836 319 916 Πάντα
351 838 415 915 οῦν
450 837 523 917 ὅσα
555 839 654 917 ἐστὶν
686 841 805 933 εἰπεῖν,
837 839 899 914 καὶ
932 834 985 914 ἔτι
1017 833 1071 934 μὴ
1099 834 1264 938 εὑρόνταςὓ

132 970 361 1068 παραλιπεῖν,
384 963 457 1044 ὅσα
483 968 535 1070 τῷ
556 963 729 1063 μέλλοντι
746 960 875 1069 κόσμῳ
894 962 1072 1063 γενέσθαι
1090 961 1233 1042 ἀπὸτοῦ

133 1092 339 1194 σπέρματος
365 1090 516 1188 ἔμελλεν
542 1087 704 1194 ἁρμόζειν
731 1090 943 1188 ἀναγκαίας
971 1094 1114 1192 καιροῖς
1140 1089 1233 1173 ἰδίους

133 1216 225 1297 κατὰ
251 1215 463 1319 προσθήκην
490 1215 733 1320 αὐξανομένου
760 1218 809 1300 ὡς
827 1211 911 1294 -ίατδ
940 1216 1162 1313 τηλικούτου
1185 1218 1232 1293 καί

133 1343 294 1423 τοωύτου
331 1347 424 1440 θεοῦ,
458 1346 582 1423 όποῖον
613 1345 677 1422 οὐκ
708 1347 829 1439 εἰπεῖν,
863 1343 908 1420 οὐ
944 1346 1085 1441 νοῆσαι
1117 1339 1232 1439 δυνατὴ

133 1468 258 1569 γε’γονε
274 1474 440 1573 χωρῆσαι
458 1469 480 1566 ἡ
499 1470 627 1565 κτίσις,
648 1471 707 1548 καὶ
730 1471 907 1573 ε’νυτοῖρχε
925 1471 1264 1573 τεθησαυρισμέναιᾶ

133 1601 185 1700 τῷ
208 1593 400 1696 σπέρματι,
421 1593 580 1699 καθάπερ
601 1601 753 1696 νεογενεῖ
769 1596 900 1701 παιδίιρ
919 1593 1080 1681 ὀδόντας
1098 1599 1232 1698 ὕστερον

134 1723 283 1822 ὁρῶμεν,
304 1723 362 1800 καί
386 1719 561 1824 πατρικην
586 1720 826 1825 προσ-γένεσιν
852 1722 984 1806 οὐσίας
1007 1727 1073 1802 καὶ
1099 1723 1230 1829 φρίνας,

134 1851 193 1926 καὶ
216 1847 289 1928 ὅσα
313 1846 618 1956 παραυξανομένῳ
635 1850 673 1928 ἐκ
693 1847 771 1928 νέου
794 1844 885 1928 κατὰ
903 1847 1041 1951 μικρὸν
1067 1847 1231 1954 α’νθρόπη

134 1973 160 2053 ἃ
182 1973 232 2073 μὴ
257 1973 429 2078 πρότερον
450 1972 495 2072 ἧν
512 1976 657 2076 γίνεται.
706 1974 807 2055 Ἐπεὶ
829 1970 866 2051 δὲ
892 1969 942 2071 ἦν
967 1974 1115 2077 ἄπορον
1138 1980 1231 2055 εἰπεῖν

132 2100 325 2202 προβολήν
350 2136 428 2181 τινα
452 2110 516 2181 τοῦ
534 2099 584 2203 μὴ
609 2102 712 2186 ὄντος
729 2106 810 2180 θεοῦ
827 2099 1017 2200 γεγονέναι
1037 2136 1075 2181 τι
1101 2104 1164 2182 οὐκ
1184 2099 1264 2196 όν,5ο

133 2226 312 2331 -φεύγει
330 2226 403 2331 γὰρ
424 2226 518 2308 πάνυ
536 2230 595 2307 καὶ
612 2226 741 2307 δέδοικε
758 2225 822 2311 τὰς
841 2224 935 2306 κατὰ
953 2227 1154 2329 προβολὴν
1169 2235 1230 2308 τῶν

132 2350 333 2450 γεγονότων
360 2355 486 2438 οὐσίας
513 2357 533 2433 ὁ
556 2356 782 2453 Βασιλείδης·
812 2354 917 2438 ποίας
946 2354 1022 2459 γὰρ
1052 2359 1231 2460 προβολῆς

131 2474 285 2581 χρεία,ἢ
313 2478 418 2562 ποίας
447 2481 537 2577 ὕλης
562 2478 740 2578 ὑπόθεσις,
765 2481 824 2560 ἵνα
850 2478 994 2579 κόσμον
1022 2482 1107 2567 θεὸς
1133 2480 1227 2585 ἐργό-

132 2637 254 2702 σηται,
275 2603 433 2708 καθάπερ
459 2609 479 2685 ὁ
505 2604 663 2712 ἀράχνης
684 2606 730 2688 τὰ
755 2605 960 2711 μηρύματα,
982 2606 1005 2707 ἢ
1025 2609 1158 2710 θνητός
1174 2609 1228 2688 ἅν·

133 2736 275 2833 θρωπος
301 2731 453 2838 χαλκόν,
483 2731 506 2832 ἦ
535 2732 652 2836 ξύλον
680 2735 707 2833 ἤ
732 2769 765 2814 τι
798 2739 871 2813 τῶν
897 2737 964 2833 τῆς
997 2736 1094 2835 ὕλης
1125 2742 1262 2839 μερῦν55

132 2857 363 2961 ε’ργαᾷίμενος
390 2858 586 2959 λαμβάνει;
627 2860 728 2940 ἀλλὰ
751 2857 837 2958 εἶπε,
862 2863 971 2966 φησὶ,
998 2866 1061 2942 καὶ
1090 2861 1228 2963 ε’γόιετο,

133 2986 190 3061 καὶ
218 2986 324 3065 τοῦτό
349 2987 448 3064 ἐστιν
474 2984 494 3065 δ
518 2984 693 3086 λέγουσιν
716 2992 749 3065 οὶ
773 2986 897 3091 ἄνδρες
915 2987 1026 3085 οῦτοι,
1050 2988 1096 3071 τὸ
1114 2987 1231 3095 λεχθὲν

132 3109 201 3189 ὑπὸ
217 3112 394 3209 Μωσέως,
407 3123 427 3159 “
440 3111 626 3212 Γενηθήτω
641 3120 730 3220 φῶς,
741 3118 799 3193 καὶ
814 3111 950 3215 ἐγένετο
958 3116 1081 3220 φῶς.”
1107 3114 1228 3210 Πόθεν,

132 3240 238 3343 φησὶ,
259 3239 382 3340 γέγονε
404 3237 447 3319 τὸ
473 3245 573 3346 φῶς;
604 3239 649 3343 ἐξ
672 3239 824 3326 οὐδενός·
853 3242 895 3319 οὐ
921 3238 996 3343 γὰρ
1021 3241 1227 3346 γέγραπται,

131 3370 239 3470 φησὶ,
258 3365 378 3462 πόθεν,
399 3366 484 3444 ἀλλ’
505 3364 592 3446 αὐτὸ
608 3367 720 3466 μόνον
737 3370 776 3447 ἐκ
793 3371 857 3466 τῆς
875 3372 1000 3474 φωνῆς
1017 3376 1087 3448 τοῦ
1105 3369 1264 3470 λέγον-60

129 3526 203 3588 τος,
225 3492 300 3572 ὁδὲ
317 3494 446 3594 λέγων,
468 3496 598 3600 φησὶν,
620 3498 684 3575 οὐκ
709 3493 765 3594 ἦν,
787 3493 867 3575 οὐδὲ
890 3493 933 3576 τδ
956 3494 1155 3596 γενόμενον
1177 3493 1226 3593 ἦν.

37 3618 77 3701 89
93 3618 274 3715 νΓέγονε,
297 3623 425 3724 φησὶν,
446 3619 491 3723 ἐξ
517 3623 580 3701 οὐκ
608 3622 720 3702 ὄντων
745 3619 787 3702 τὸ
815 3622 960 3726 σπέρμα
984 3629 1050 3701 τοῦ
1079 3622 1228 3719 κόσμου,

130 3743 150 3818 ὁ
168 3739 279 3840 λόγος
297 3745 317 3822 ὁ
336 3747 473 3849 λεχθεὶς
490 3747 672 3849 γενηθήτω
689 3755 779 3856 φῶς,
794 3753 852 3829 καὶ
870 3757 989 3846 τοῦτο,
1006 3750 1142 3854 φησὶν,
1158 3747 1229 3827 ἔστι

129 3864 170 3945 τὸ
199 3866 393 3967 λεγόμενον
419 3873 456 3949 ἐν
483 3881 556 3958 τοῖς
586 3876 834 3976 Εὐαγγελίοις·
872 3871 985 3954 “Ἠν
1013 3873 1056 3955 τὸ
1085 3881 1168 3980 φῶς
1190 3871 1229 3953 τὸ

129 3992 313 4091 ἀληθινὸν,
334 3996 354 4075 δ
373 3996 513 4102 φωτίζει
535 3999 654 4081 πάντα
677 4001 868 4107 ἄνθρωπον
893 3999 1086 4106 ἐρχόμενον
1104 4005 1153 4085 είς
1170 3997 1264 4093 τδν65

171 4190 220 4244 42.
237 4173 313 4228 Fort.
329 4178 431 4246 ἁρμόζει
449 4175 588 4247 ἀναγκαίως
604 4202 656 4234 και·
740 4179 788 4253 48.
804 4180 876 4235 Cod.
891 4178 1126 4251 παρανξιινομίνου.

130 4257 185 4319 ροῐς
200 4254 281 4316 ἰδίοις,
299 4255 341 4310 vel
356 4264 432 4311 certe
447 4256 524 4314 ἰδίως,
741 4261 789 4335 58.
805 4261 911 4317 Genez.
927 4260 951 4323 1,
962 4277 990 4333 3.

172 4351 220 4404 43·
237 4335 313 4391 Fort-
329 4337 494 4406 αὐξανόμενα.
741 4340 1110 4413 οροοιοιγοςυεχακ.

171 4430 219 4486 45·
237 4415 314 4473 Fort-
329 4417 482 4490 χωρήσασα.
740 4421 787 4493 64.
802 4421 849 4480 Jo.
863 4423 915 4478 Ev.
932 4421 955 4485 1,
967 4439 996 4495 9.
