2782 4972
113 313 156 377 τι
555 311 771 378 ouiuurus
1149 313 1266 398 Wu-

111 473 178 574 τὸν
210 483 275 555 τοῦ
306 473 508 578 ἑξακῦκλου
544 475 661 558 ἕλικος
697 472 956 576 πραγματείαν,
989 478 1056 572 τῆς
1095 473 1215 560 δυᾶδος

111 601 202 681 κατὰ
233 599 300 700 τὸν
336 603 459 705 ἄρτιον
495 597 600 681 θίσιν
631 606 706 678 τῶν
741 601 901 701 ἀριθμῶν
933 600 993 678 καὶ
1032 603 1211 704 διαίρεσιν.

112 725 351 828 Σνγγενὴςδέ
376 723 561 831 ὁᾶριθμδς
578 728 657 806 ε’στι
674 733 739 803 τοῦ
757 711 781 803 δ
798 728 856 803 καὶ
874 760 910 825 η.
961 731 1093 806 Ταῦτα
1121 727 1160 806 δὲ
1182 731 1215 807 εἰς

109 857 173 951 τῆς
191 849 347 951 μονᾶδος
365 850 516 956 ἀριθμὸν
529 848 694 946 λαβόντα
710 850 883 953 πρόνοιαν
899 853 1041 954 ἄρα-ἧς,
1056 853 1214 958 ε’χᾶρησε
1224 891 1249 929 ιι

110 975 217 1084 μέχρι
242 985 316 1059 τῶν
348 966 370 1057 δ
399 979 599 1083 στοιχείων,
629 973 729 1077 λέγω
762 975 806 1074 δὴ
836 985 902 1056 τοῦ
928 977 1137 1078 πνεύματος
1161 982 1214 1059 καὶ

110 1101 235 1208 πυρὸς,
258 1103 383 1188 ῦδατός
406 1139 445 1183 τε
468 1108 525 1183 καὶ
550 1107 630 1204 γῆς·
662 1104 721 1181 καὶ
746 1103 786 1180 ἐκ
811 1101 949 1182 τούτων
971 1104 1135 1203 ποιήσας
1155 1104 1214 1185 τόν

111 1228 251 1328 κόσμον
277 1231 519 1335 ἄρρενόθηλυν
547 1227 655 1309 αὐτὸν
684 1227 936 1324 κατεσκεύασε,
966 1230 1029 1307 καὶ
1055 1228 1125 1310 δύο
1151 1231 1211 1330 μδ

112 1364 272 1463 στοιχεῖα
308 1363 356 1441 εἱς
391 1354 433 1437 τὸ
470 1356 544 1433 ἄνω
579 1353 814 1460 ἡμσφαίριον
849 1351 1057 1458 προσέταξε
1093 1354 1150 1453 τό,
1176 1389 1210 1435 τε

110 1493 250 1582 πνεῦμα
273 1487 332 1561 καὶ
355 1481 398 1563 τὸ
422 1490 508 1584 πῦρ,
529 1483 588 1559 καὶ
611 1485 770 1558 καλεῖται
787 1477 955 1559 ταῦτατὸ
978 1480 1245 1588 ἡρασφαίριονι,

112 1613 176 1707 τῆς
192 1605 347 1706 μονάδος
364 1604 583 1708 ἀγαθοποιόν
599 1638 638 1686 τε
656 1608 715 1684 καὶ
738 1602 916 1711 ἀνωφερὲς
932 1607 992 1684 καὶ
1010 1606 1209 1709 ἀρσενικόν·

21 1770 101 1837 19v.
114 1731 334 1837 λεπτομερὴς
358 1731 430 1837 γὰρ
456 1734 551 1813 οὖσα
576 1732 599 1831 ἡ
626 1728 739 1829 μονὰς
765 1737 913 1811 πετᾶται
936 1736 986 1816 εἶς
1008 1729 1053 1812 ri
1080 1734 1208 1814 λετ-τό·

111 1895 220 1940 τατον
238 1856 346 1964 μόρος
365 1864 423 1939 καὶ
447 1857 699 1962 καθαρώτατον
716 1866 781 1936 τοῦ
807 1852 958 1960 αἰθέρος·
987 1855 1036 1936 τᾶ
1052 1893 1092 1939 τε
1113 1861 1211 1940 ἄλλα

111 1985 174 2069 δὺο
193 1994 353 2093 στοιχεῖα
378 1987 465 2067 ὄντα
486 1984 668 2090 παχύτερα
686 1979 870 2082 ἀπένειμεν
886 2018 931 2088 τῃ
952 1981 1067 2082 δυᾶδι,
1086 1990 1161 2086 γῆν
1176 2020 1211 2066 τε

111 2119 168 2194 καὶ
192 2116 298 2217 ὕδωρ,
319 2117 376 2193 καὶ
395 2117 552 2191 καλεῖται
569 2118 676 2190 τοῦτο
693 2106 736 2189 τῦ
760 2109 995 2215 ἡμισφαίριον
1011 2111 1246 2219 κατωφερὲςιο

109 2238 268 2336 θηλυκόν
294 2270 332 2316 τε
360 2239 418 2314 καὶ
442 2233 645 2315 κακοποιόν·
676 2239 734 2314 καὶ
755 2232 847 2314 αὐτὰ
871 2231 908 2311 δὲ
930 2230 1045 2313 πᾶλιν
1066 2233 1115 2316 rui
1139 2237 1212 2315 ἄνω

110 2361 174 2441 δύο
202 2367 361 2466 στοιχεῖα
387 2363 522 2447 ἑαυτοῖς
546 2361 808 2464 συγκρινόμενα
836 2360 981 2465 ἔχουσιν
1007 2362 1048 2439 ἐν
1075 2364 1211 2447 ἑαυτοῖς

109 2485 151 2567 τὸ
176 2487 283 2590 ἄρρεν
308 2488 366 2564 καὶ
386 2485 429 2567 τὸ
454 2491 549 2585 θῆλυ
565 2485 657 2590 πρὸς
674 2487 864 2589 εὐκαρπίαν
882 2489 940 2564 καὶ
960 2485 1121 2589 affirm
1137 2495 1209 2568 τῶν

110 2612 220 2692 ὅλων.
263 2614 336 2692 Καὶ
353 2609 395 2693 τδ
413 2611 476 2713 μὲν
494 2622 579 2716 πῦρ,
601 2613 707 2716 ἄρρεν
724 2612 815 2708 ἐστὶ,
830 2609 873 2691 τό
892 2609 929 2688 δὲ
944 2620 1086 2711 πνεῦμα
1101 2619 1207 2714 θῆλυ.

112 2742 185 2819 Καὶ
208 2737 320 2820 πόλιν
345 2738 387 2820 ri>
416 2742 510 2842 ὕδωρ
535 2738 641 2842 ἄρρεν
659 2740 770 2834 ἐστὶν,
791 2738 814 2836 ἡ
833 2735 947 2838 δὲγῆ,
968 2742 1077 2836 θῆλυ·
1140 2743 1251 2838 Kai25

110 2869 221 2953 οὕτως
253 2869 313 2948 ἀπ’
339 2870 452 2973 ἀρχῆς
480 2866 680 2958 συνεβίωσε
709 2862 751 2944 ri>
778 2872 851 2967 πῦρ
877 2868 929 2970 τῷ
956 2864 1210 2973 πνεῦματαιῇ

111 2990 149 3068 δὲ
175 2995 224 3096 γῇ
252 2990 294 3072 τδ
323 2995 429 3095 ὕδωρ.
483 2987 633 3093 Ὥσπερ
654 2988 727 3093 γὰρ
751 2988 898 3089 δύναμις
920 2999 986 3071 τοῦ
1011 2993 1211 3093 πνεύματος

110 3119 188 3197 ἐστὶ
205 3115 247 3196 τὸ
265 3125 351 3220 πῦρ,
370 3119 482 3202 οὕτως
499 3120 557 3196 καὶ
575 3120 639 3214 τῆς
656 3120 725 3216 γῆς
743 3115 784 3196 τὸ
804 3118 898 3220 ὕδωρ
920 3178 929 3195 .
950 3177 959 3196 .
979 3179 988 3195 .
1009 3181 1017 3197 .
1039 3124 1101 3200 καὶ
1120 3122 1211 3203 αῦτᾶ

110 3241 211 3322 δὲτὰ
237 3248 397 3349 στοιχεῖα
414 3240 642 3350 φηῙφιζόμενα
668 3246 726 3321 καὶ
753 3241 978 3341 ἀποδυόμενα
1004 3247 1081 3325 καθ
1103 3250 1209 3355 ὑφαί·

109 3401 211 3471 ρεσιν
233 3366 399 3467 ε’ννᾶδων,
423 3369 521 3470 λε’γει
541 3374 720 3448 οἰκειῶσαι
742 3367 766 3447 ἄ
789 3366 854 3468 μὲν
877 3375 925 3455 εὶς
941 3368 1006 3450 τὸν
1029 3375 1211 3477 ἀρρενικὸν
1219 3406 1253 3462 30

153 3551 180 3613 7.
203 3538 273 3613 Leg.
294 3543 339 3609 τῆς
358 3542 409 3610 ik„
428 3559 494 3597 uum
515 3541 574 3609 ἴλιξ
595 3550 638 3596 est
727 3554 770 3616 15.
786 3540 856 3597 Cod.
871 3546 948 3597 τοῦτο
961 3543 1141 3618 ἡμισφαίριον.

110 3618 236 3674 feminini
251 3621 371 3692 generis.
397 3621 442 3676 Ex
450 3621 555 3677 Tzetza
567 3620 635 3677 cita·
724 3635 768 3696 1¹7.
784 3621 856 3678 Cod.
870 3626 989 3680 ποτᾶται.

109 3706 156 3755 tur
164 3699 301 3766 ίξόιοελος
312 3699 346 3756 de
358 3718 408 3756 sex
417 3700 525 3756 dierum
537 3700 637 3774 spatio.
723 3701 769 3757 28.
786 3701 864 3758 Inter
878 3701 946 3774 ὕδωρ
960 3711 990 3760 et
1003 3706 1058 3760 καθ
1069 3707 1209 3780 ὑφαίρεσιν

110 3777 160 3835 Au
181 3778 269 3853 igitur
288 3779 323 3834 ad
342 3780 539 3836 Hesusmeron
559 3800 636 3837 crea·
678 3781 787 3836 ἐννάδων
805 3782 906 3838 laeuus
927 3801 989 3839 esse
1006 3785 1129 3854 videtur,
1145 3787 1209 3862 quis

109 3857 195 3914 tionis
223 3857 395 3932 respicitur?
426 3860 502 3933 quod
527 3868 557 3916 et
580 3880 638 3917 vox
679 3862 708 3917 iu
730 3861 920 3936 superioribus
936 3863 1006 3921 nihil
1021 3865 1057 3923 de
1073 3868 1208 3925 εααααδίι

108 3938 273 4074 φυᾱσικωτέριι
297 3948 326 3994 et
351 3940 497 4013 sequentia
522 3940 639 3998 innuere
680 3942 789 3998 ratione
804 3941 976 4000 dictumest.

109 4018 137 4074 vi
158 4026 251 4074 entuu.
763 4064 769 4077 .

156 4097 640 4176 rourouuuvsorulegupupou
720 4102 756 4157 ib.
779 4065 857 4159 cous
870 4066 1049 4176 οααέιμιη
1069 4108 1115 4175 «ιι,
1133 4109 1209 4183 quos

109 4176 155 4234 vel
173 4178 263 4252 ἀρχήν.
307 4177 365 4236 sed
386 4182 532 4255 sequentis
553 4181 637 4238 etism
680 4192 756 4239 reete
780 4183 933 4241 mutavisse
957 4185 1126 4260 opinamur:
1158 4189 1209 4246 sed

109 4258 191 4316 valde
206 4257 301 4316 dubia.
680 4281 736 4336 quo
750 4263 889 4320 referatur
904 4266 983 4338 λέγει,
997 4266 1023 4323 si
1039 4285 1140 4326 sunum
1154 4279 1208 4333 est,

154 4357 198 4396 ιο.
219 4339 290 4414 Leg.
304 4339 415 4397 videtur
436 4342 463 4396 ἐκ
483 4341 581 4398 τούτων
596 4341 637 4415 [ὁ]
680 4343 717 4399 ob
732 4344 877 4418 superiora
890 4344 1048 4420 ignoratur.

111 4420 229 4491 ποιήσας.
