2782 4972
121 306 185 368 108
310 301 312 305 ’
563 293 778 361 ORIGENIS
1216 280 1269 344 δ’]

121 471 253 559 Τοῦτο,
275 463 384 568 φησὶ,
414 457 652 562 κεκρυμμένον
679 454 801 558 εὑρέθη
833 454 870 531 ε’ν
899 456 974 535 τοῖς
1003 453 1134 531 καλοῖς
1161 454 1218 524 τοῦ

123 588 289 684 Βενιαμὶν
316 585 515 688 σπέρμασι.
576 581 736 683 Λέγουσι
762 578 800 658 δέ
829 575 920 659 αὖτδ,
943 577 1005 655 καὶ
1026 573 1251 671 Ἕλληνες,75

122 715 251 819 φησὶν,
273 714 395 796 οὕτως·

522 853 686 948 μαινομένῳ
705 851 837 944 στόματι

423 967 489 1066 φέρ’
508 964 589 1066 ὕδωρ,
607 967 673 1064 φέρ’
691 962 771 1051 οἶνον,
788 961 811 1038 &¹
826 974 894 1037 παῖ·

422 1083 549 1176 μέθνσὸν
564 1115 605 1176 με
622 1079 674 1153 καὶ
690 1085 831 1179 κέρασον.

424 1196 468 1268 Τδ
484 1196 619 1295 ποτήριον
636 1199 720 1292 λέγει
737 1229 805 1289 μου,
1228 1201 1254 1256 ⁸0

424 1311 554 1384 ποδαπόν
568 1345 609 1406 με
627 1313 675 1383 δεῖ
686 1314 833 1407 γενέσθαι.

127 1503 259 1590 Τοῦτο,
280 1495 407 1599 φησὶν,
438 1491 534 1593 ἤρκει
560 1489 672 1589 μόνον
702 1490 826 1589 νοηθὲν
858 1487 1077 1590 ἀνθρολτας,
1097 1482 1140 1564 rb
1166 1489 1222 1561 τοῦ

126 1620 382 1721 Ἀνακρέοντος
399 1617 571 1720 ποτήριον
598 1615 747 1700 ἀλάλως
774 1623 915 1694 λαλοῦν
939 1611 1145 1715 μυστήριον
1164 1609 1221 1709 ἅμ·

127 1781 247 1849 ρητον.
301 1742 475 1823 ’Ἀλαλον
510 1743 596 1846 γὰρ,
627 1748 734 1850 φησὶ,
764 1741 806 1823 rb
836 1740 1102 1844 Ἀνακρέοντος
1139 1741 1224 1844 φησὶ

128 1871 311 1976 ποτήριον,
342 1871 428 1973 ὅπερ
457 1872 552 1976 αὐτῷ
583 1871 700 1975 φησὶν
726 1868 931 1971 Ἀνακρέων
960 1872 1076 1944 λαλεῖ
1104 1864 1256 1970 ἀλάλου

130 2000 322 2107 φθέγματι,
342 1995 506 2077 ποδαπὸν
531 1995 639 2075 αὐτὸν
668 1999 721 2073 δεῖ
742 1993 919 2095 γενέσθαι,
940 1994 1110 2074 τουτέστι
1127 2027 1223 2074 πνευ-

129 2124 290 2226 ματικδν,
331 2127 371 2203 οὐ
412 2122 596 2226 σαρκικδν,
635 2120 696 2201 ε’ὰν
736 2120 874 2226 ἀκούσῃ
911 2119 953 2200 rb
994 2119 1228 2224 κεκρυγψενον

131 2250 330 2352 μυστήριον
346 2251 383 2327 έν
401 2252 535 2352 σιοπιῇ·
566 2251 624 2327 καὶ
650 2256 756 2326 τοῦτο
772 2248 851 2326 ἐστὶ
868 2246 909 2326 rb
929 2247 1027 2348 ὕδωρ
1044 2246 1091 2326 rb
1108 2248 1147 2324 έν
1163 2249 1228 2326 τοῖς

131 2381 255 2457 καλοῖς
281 2376 420 2458 ἐκείνοις
447 2373 587 2475 γάμοις,
616 2373 635 2453 δ
663 2371 827 2479 στρόφας
855 2374 874 2450 b
896 2370 1045 2469 Ἰησοῦς
1073 2372 1231 2468 ἐποίησεν

133 2495 240 2578 οἶνον.
292 2501 404 2596 Αἴτνη,
427 2502 555 2605 φησὶν,
576 2501 675 2578 ἐστὶν
692 2499 715 2596 ἡ
733 2496 875 2599 μεγάλη
892 2499 950 2575 καὶ
967 2495 1128 2595 ἀληθινὴ
1145 2492 1265 2600 ἀρχὴοο

134 2630 206 2704 τῶν
224 2625 381 2722 σημείων
406 2623 450 2723 ἣν
471 2626 637 2723 ἐποίησεν
655 2628 675 2704 ὁ
692 2623 836 2723 Ἰησοῦς
853 2625 892 2702 ἐν
913 2627 1019 2728 Κανᾷ
1035 2626 1105 2722 τῆς
1123 2628 1229 2703 Γαλι-

134 2752 252 2848 λαίας,
286 2753 345 2829 καὶ
380 2750 583 2856 ἐφανέρωσε
619 2748 685 2848 τὴν
721 2751 912 2844 βασιλείαν
946 2755 1021 2827 τῶν
1061 2752 1229 2852 οὐρωιῶν.

135 2883 246 2978 Αὕτη,
261 2880 387 2986 φησὶν,
400 2879 500 2957 ἐστὶν
517 2878 539 2976 ἡ
558 2879 729 2970 βασιλεία
749 2882 822 2956 τῶν
840 2878 1001 2978 οὐρανῶν
1017 2875 1122 2960 ε’ντδς
1138 2875 1233 2974 ἡμῶν

135 3004 361 3104 κατακειμένη
390 3006 439 3089 ὡς
465 3003 658 3105 θησαυρὸς,
689 3006 737 3087 ὡς
764 3001 867 3103 ζύμη,
898 3004 947 3086 ὡς
973 3001 1133 3104 ἀλεύρου
1158 3001 1233 3104 τρία

136 3129 233 3210 σάτα
251 3129 479 3233 κεκρυμμένη.
515 3128 699 3226 Τουτέστι,
714 3132 818 3235 φησὶ,
832 3125 874 3207 rb
892 3124 985 3226 μέγα
1003 3130 1065 3206 καὶ
1084 3127 1233 3232 ἄρρητον
1239 3153 1269 3220 95

139 3261 382 3362 Σαμοθρρκῶν
409 3254 619 3359 μυστήριον,
651 3255 671 3335 δ
697 3255 818 3354 μόνοις
845 3250 986 3356 ἔξεστιν
1013 3253 1141 3333 εἰδέναι
1166 3259 1235 3335 τοῖς

137 3382 292 3479 τελείοις,
315 3384 443 3489 φησὶν,
463 3382 557 3480 ἡμῖν.
617 3379 824 3483 Διαρρήδην
851 3377 923 3482 γὰρ
948 3383 981 3457 οὶ
1009 3383 1235 3487 Σαμοθρᾷκες

137 3504 201 3586 τὸν
218 3507 339 3606 Ἀδὰμ
355 3511 483 3587 ἐκεῖνον
500 3506 760 3611 παραδιδόασιν
781 3508 818 3585 έν
839 3511 913 3589 τοῖς
930 3507 1145 3606 μυστηρίοις
1167 3511 1236 3589 τοῖς

138 3633 417 3732 ἐπιτελουμένοις
446 3638 527 3735 παρ’
550 3636 668 3717 αὐτοῖς
696 3628 967 3736 ἀρχάνθροπτον.
1011 3627 1236 3731 Ἔστηκεδέ

139 3754 333 3856 ἀγάλματα
358 3756 422 3836 δύο
444 3759 482 3834 έν
500 3763 550 3864 τῷ
571 3764 815 3863 Σαμοθρᾳκῶν
838 3753 1023 3863 ἀνακτόρτρ
1041 3757 1255 3860 ἀνθρώπους

139 3889 297 3980 γυμνῶν,
317 3882 391 3961 ἅνω
419 3884 609 3982 τεταμένας
634 3881 787 3987 ε’χόντων
809 3881 873 3967 τὰς
891 3888 1010 3986 χεῖρας
1033 3885 1239 3990 ἀμφοτέρας

185 4165 230 4222 77.
253 4148 297 4205 Ex
314 4149 358 4205 his
371 4149 499 4206 versibus
517 4151 587 4207 duos
604 4160 666 4207 tan·
752 4150 799 4220 84.
815 4149 892 4206 Fort.
907 4149 962 4223 leg.
977 4149 1078 4204 ἄλαλον
1091 4154 1153 4223 γάρ,
1161 4155 1239 4223 φησιν

142 4239 203 4286 tum
217 4246 231 4284 υ
243 4237 296 4303 et3
307 4229 420 4286 invenio
432 4230 460 4286 in
472 4230 537 4287 edit.
544 4231 667 4287 Brunck.
711 4230 752 4301 (id
767 4237 810 4285 est
825 4232 945 4300 auctor),
954 4230 1099 4301 Ἀνακρέων
1111 4233 1181 4303 φησὶ
1192 4252 1237 4286 το·

142 4329 170 4367 n.
182 4309 222 4383 36
236 4318 265 4367 et
278 4329 305 4367 n.
316 4309 363 4366 61.
710 4310 796 4382 τὴριον
809 4310 873 4382 ὅπερ
886 4311 953 4383 αὐτῷ
967 4312 1042 4364 λαλεῖ
1056 4333 1079 4366 κ.
1089 4334 1116 4369 τ.
1126 4315 1153 4369 λ.

185 4391 231 4462 78.
248 4391 318 4447 Cod.
332 4392 396 4465 φέρε
411 4389 487 4464 ὕδωρ,
503 4391 567 4463 φέρε
582 4386 657 4446 οἶνον.
754 4409 778 4446 2.
796 4389 869 4447 Cod.
885 4390 935 4446 ἅνω
948 4391 1063 4460 τεμένας.
