2782 4972
125 270 147 329 4
567 259 781 327 ORIGENIS

125 424 232 531 ἀξίαν
253 423 488 524 ἀμειβόμενοι,
508 422 608 523 πλὴν
631 426 668 502 ἐν
693 420 745 507 οἷς
771 417 1034 517 πεπιστεύμεθα
1060 416 1115 517 μὴ
1142 421 1255 514 dvo-70

125 562 277 649 νοῦντες,
297 550 399 631 ἀλλὰ
422 562 486 632 τοῦ
514 553 603 631 ἰδίου
630 558 753 654 καιροῦ
770 546 816 627 τὰ
839 546 949 649 μέτρα
966 547 1220 642 ἐπιτελοῦντες,

124 685 183 759 καὶ
201 679 274 759 ὅσα
298 676 442 782 παρέξει
467 676 509 758 τδ
533 675 637 779 ἅγιον
654 685 807 775 πνεῦμα,
828 680 943 753 πᾶσιν
960 670 1135 780 ἀφθόνως
1152 707 1221 752 κοι-

125 814 328 890 νωνοῦντες·
361 806 403 884 ού
428 804 540 904 μόνον
557 802 735 906 ἀλλότρια
753 803 795 880 δι’
815 800 966 904 ἐλέγχου
992 804 1042 884 είς
1069 798 1224 905 φανερὸν

124 934 284 1034 ἄγοντες,
305 928 407 1010 ἀλλὰ
433 934 491 1009 καὶ
516 929 588 1010 ὅσα
610 929 633 1028 ή
660 927 809 1028 ἀλήθεια
833 923 902 1005 ὑπὸ
925 930 989 1024 τῆς
1005 935 1073 1005 τοῦ
1090 924 1225 1028 πατρὸς

122 1056 267 1165 χάριτος
291 1065 562 1163 παραλαβοῦσα
586 1053 786 1158 ἀνθρώποις
810 1050 1009 1152 διηκόνησε,
1036 1061 1152 1133 ταῦτα
1169 1056 1261 1146 καὶςς

124 1183 182 1264 διὰ
201 1183 315 1286 λόγου
333 1182 593 1284 σημειούμενοι,
614 1185 672 1260 καὶ
697 1178 755 1258 διὰ
779 1175 1001 1283 γραμμάτων
1017 1174 1225 1281 ἐμμάρτυρα

125 1310 385 1410 σημειούμενοι,
398 1307 691 1413 ἀνεπαισχύντως
705 1304 949 1409 κηρύσσομεν.
979 1299 1063 1382 Ἵνα
1082 1305 1147 1382 οὖν
1160 1338 1222 1382 κα·

124 1435 195 1520 θὼς
217 1434 423 1543 φθάσαντες
443 1435 598 1533 εἴπομεν,
619 1433 741 1516 ἀθέους
763 1427 891 1514 αὐτοὺς
907 1426 1147 1532 ἐπιδείξωμεν,
1169 1434 1225 1509 καὶ

125 1562 215 1643 κατὰ
240 1562 401 1663 γνώμην,
426 1566 485 1641 καὶ
510 1559 601 1642 κατὰ
623 1558 772 1664 τρόπον,
796 1561 855 1637 καὶ
878 1555 970 1636 κατὰ
993 1556 1113 1659 ἔργον·
1146 1556 1225 1636 ὅθεν

124 1724 162 1767 τε
188 1688 234 1769 τὰ
258 1687 508 1794 ἐπιχειρήματα
532 1690 651 1772 αὐτοῖς
668 1686 866 1788 γεγένηται,
889 1687 947 1763 καὶ
975 1682 1028 1763 ότι
1053 1683 1168 1782 μηθέν
1184 1681 1227 1788 ἐξ
1232 1718 1267 1775 80

124 1817 237 1918 ἁγίων
266 1822 420 1923 γραφῶν
449 1812 623 1910 λαβόντες
655 1822 767 1893 ταῦτα
798 1813 1041 1916 ἐπεχείρησαν,
1074 1810 1104 1908 ἤ
1130 1846 1226 1896 τινος

124 1945 229 2044 ἁγίου
254 1940 421 2048 διαδοχήν
439 1938 667 2049 φυλάξαντες
694 1942 751 2018 ἐπὶ
777 1947 891 2017 ταῦτα
917 1934 1107 2040 ὥρμησαν·
1138 1938 1225 2015 ἀλλ’

125 2068 224 2149 ἐστιν
244 2072 361 2153 αὐτοῖς
378 2068 424 2147 τὰ
443 2064 662 2169 δοξαζόμενα
679 2063 795 2171 ἀρχὴν
812 2062 876 2164 μέν
893 2065 931 2143 ἐκ
948 2068 1012 2162 τῆς
1029 2062 1227 2162 Ἑλλήνων

125 2195 260 2299 σοφίας
297 2191 472 2287 λαβόντα,
506 2194 544 2269 ἐκ
582 2189 772 2294 δογμάτων
804 2189 1132 2298 φιλοσοφουμένων
1168 2193 1229 2269 καὶ

124 2319 332 2418 μυστηρίων
355 2318 676 2422 ἐπικελευομένων,
695 2323 754 2398 καὶ
781 2315 1020 2422 ἀστρολόγων
1044 2317 1271 2425 most-⁸⁵

126 2477 208 2520 νων.
265 2449 376 2520 Δοκεῖ
392 2443 454 2521 οὖν
471 2440 644 2548 πρότερον
661 2446 864 2543 ἐκθεμένους
891 2443 936 2523 τά
965 2441 1124 2547 δόξαντα
1152 2452 1229 2530 τοῖς

124 2567 409 2668 τῶνἙλλήνων
434 2570 667 2679 φιλοσόφοις,
691 2571 859 2676 ἐπιδεῖξαι
885 2579 960 2657 τοῖς
986 2570 1227 2676 ἐντυγχάνου-

126 2731 188 2775 σιν
207 2695 293 2777 ὅντα
312 2696 447 2779 τούτων
468 2700 688 2804 παλαιότερα
713 2703 771 2778 καὶ
795 2699 886 2804 πρὸς
909 2698 951 2780 τὸ
979 2706 1072 2778 θεῖον
1090 2698 1225 2797 σεμνό-

125 2857 221 2926 τερα·
252 2825 370 2905 ἐπειτα
402 2832 605 2924 συμβαλεῖν
637 2822 793 2925 ἑκάστην
822 2827 959 2931 αἵρεσιν
991 2824 1146 2934 ἑκάστῳ,
1178 2831 1231 2913 ὠς

125 2949 263 3034 τούτοις
280 2959 354 3036 τοῖς
372 2952 639 3056 ἐπιχειρήμασιν
653 2950 909 3052 ἐπιλαβόμενος
928 2958 947 3034 ὁ
965 2952 1277 3062 προποστοίτηςρο

125 3081 190 3175 τῆς
208 3076 377 3178 αίρέσεως
394 3078 651 3176 ἐπλεονέκτησε
668 3076 869 3177 λαβόμενος
892 3079 957 3165 τὰς
979 3080 1092 3187 ἀρχὰς
1111 3083 1172 3159 καὶ
1190 3083 1229 3162 ἐκ

126 3200 262 3282 τούτων
288 3205 345 3282 ἐπὶ
373 3202 419 3281 τὰ
445 3205 587 3308 χείρονα
617 3208 779 3308 ὁρμηθεὶς
807 3204 925 3307 δόγμα
953 3206 1226 3307 συνεστήσατο.

120 3327 236 3409 Ἔστι
253 3327 318 3429 μέν
332 3330 395 3408 οὖν
412 3328 523 3409 πόνου
536 3329 672 3429 μεστόν
682 3330 725 3412 τδ
742 3333 1034 3438 ἐπιχειρούμενον,
1055 3336 1114 3413 καὶ
1127 3348 1230 3416 πολ-

128 3460 196 3555 λῆς
219 3453 383 3555 δεόμενον
401 3458 573 3560 ἱστορίας.
604 3458 729 3539 Ἀλλὰ
748 3462 812 3539 ούκ
829 3459 1052 3560 ἐνδεήσομεν,
1074 3463 1231 3565 ὕστερον

128 3581 200 3685 γὰρ
218 3584 387 3688 εύφρανεῖ
401 3587 450 3667 ὡς
468 3583 629 3683 ἀθλητὴν
642 3584 731 3684 μετὰ
749 3595 894 3665 πολλοῦ
912 3584 1024 3667 πόνου
1042 3585 1231 3693 στεφάνου
1238 3632 1277 3693 95

127 3704 293 3812 τυχόντα,
314 3704 336 3805 ἢ
362 3707 518 3811 ἐμπορον
535 3708 624 3807 μετὰ
650 3712 766 3813 με’γαν
783 3709 980 3811 θαλάσσης
1005 3709 1126 3791 σάλον
1145 3747 1229 3816 κερ·

128 3832 296 3931 δάναντα,
326 3831 349 3932 ἢ
382 3835 543 3939 γεωργὸν
570 3837 659 3938 μετὰ
688 3842 819 3942 ἱδρῶτα
849 3839 1050 3942 προσώπου
1079 3848 1231 3943 καρπῶν

128 3959 402 4059 ἀπολαύσαντα,
423 3959 446 4060 ἢ
465 3964 657 4071 προφήτην
674 3965 763 4063 μετὰ
781 3962 1001 4065 ὀνειδισμοὺς
1026 3968 1083 4044 καὶ
1110 3970 1231 4070 ὕβρεις

128 4088 266 4190 ὁρῶντα
283 4086 329 4166 τὰ
348 4091 554 4187 λαληθέντα
569 4093 827 4186 ἀποβαίνοντα.
868 4090 1085 4196 Ἀρξάμενοι
1108 4097 1230 4176 τοίνυν

209 4394 255 4452 74.
269 4382 316 4433 τοῦ
329 4380 470 4451 πνεύματος
483 4383 507 4438 Τ
508 4402 568 4441 ουτ.
734 4404 780 4459 90.
795 4390 1016 4461 πρατοοτατήσας
1036 4390 1144 4451 Medic.
