2782 4972
121 349 142 389 x
512 315 823 383 PRAEFA'PIO.

122 497 180 569 ὁτὲ
206 496 240 567 δὲ
266 493 335 567 ιἰτὸ
360 500 425 566 τῶν
444 495 645 576 Ἑλληνικῶν
664 490 876 575 μαθημάτων,
893 488 946 558 καὶ
970 487 1127 570 μάλιστα
1153 490 1214 556 τῶν

122 623 154 691 ἐν
167 619 374 717 φιλοσοφίᾳ,
386 616 495 711 ἔδοξεν
511 615 664 710 ἐξετάσαι
682 614 727 686 ‘ru'
740 644 780 684 τε
795 617 861 683 τῶν
878 615 1045 707 αι’ρετιιιῶν
1063 609 1215 704 δόγματα

122 745 174 815 καὶ
197 742 241 814 τὰ
264 741 328 813 ὑπὸ
350 748 414 813 τῶν
432 739 635 838 φιλοσόφων
652 737 727 833 περὶ
743 744 801 818 τῆς
818 736 970 817 ἆληθεῖας
986 735 1100 825 λέγειν
1115 735 1218 822 ἑπαγ-

122 865 321 959 γελλόμινιι,
349 886 466 934 nonne
497 869 552 932 est
581 866 830 953 argumentum
860 857 966 949 hujus
995 858 1114 948 operis
1146 857 1219 947 ipsa

123 989 287 1083 Origenis
309 1010 417 1058 manu
440 981 683 1054 delineatum?
718 980 772 1051 Ut
788 1003 872 1051 sane
896 979 1127 1072 supersedere
1143 999 1220 1071 pos·

122 1114 231 1184 simus
261 1110 415 1182 examini
445 1106 670 1201 professionis
701 1103 802 1174 Fidei
831 1102 1053 1196 Origenianae
1083 1103 1123 1171 in
1151 1101 1221 1170 fine

122 1236 258 1328 positae,
285 1257 329 1303 an
360 1254 442 1301 cum
470 1230 597 1299 ceteris
624 1228 699 1318 ejus
728 1227 866 1320 scriptis
895 1233 933 1295 et
963 1224 1222 1295 narrationibus

122 1358 270 1455 aliorum
298 1354 517 1424 consentiat:
552 1351 656 1443 quale
683 1372 835 1420 examen
862 1370 967 1418 nemo
995 1349 1110 1418 nescit
1135 1357 1221 1438 quot

122 1480 266 1572 paginas
282 1478 328 1548 sit
345 1477 420 1546 sine
438 1474 511 1544 ulla
528 1475 740 1544 necessitate
759 1472 1041 1563 absumptorum.
1091 1469 1223 1562 Neque

123 1601 308 1692 Lemoynii
327 1598 536 1690 questiones
560 1597 604 1666 de
628 1594 719 1665 libro
744 1592 830 1688 Περὶ
854 1598 914 1674 ric
936 1598 998 1662 τοῦ
1019 1590 1146 1667 παντὸς
1171 1592 1224 1660 οὖ-

124 1723 219 1798 σιάιο
238 1723 359 1812 (quem
377 1726 631 1789 commemorat
649 1717 821 1811 Origenes
838 1742 873 1811 p.
885 1738 969 1811 334,
983 1715 1045 1811 79)
1063 1716 1223 1786 excutia-

122 1868 223 1930 mus;
242 1868 323 1916 nam
342 1845 436 1937 quod
455 1843 516 1914 ille
533 1843 645 1914 edidit
663 1842 900 1935 fragmentum
918 1850 956 1911 et
974 1840 1010 1910 S.
1023 1840 1221 1935 Hippolyto

124 1971 260 2055 tribuit,
288 1971 375 2041 nihil
406 1971 565 2041 continet
597 1979 719 2037 eorum
748 1988 828 2055 quae
856 1967 892 2034 in
922 1965 1000 2034 loco
1029 1963 1140 2035 allato
1170 1988 1223 2035 re-

124 2097 241 2189 spexit
271 2093 453 2187 Origenes.
518 2090 641 2161 Multo
674 2088 792 2180 plures
823 2112 906 2159 vero
936 2090 1153 2180 quaestiones
1186 2098 1222 2160 et

125 2216 373 2286 fructuosiores
399 2214 435 2281 in
459 2211 614 2293 historia,
632 2214 667 2282 in
694 2210 926 2304 philosophia,
944 2212 980 2280 in
1007 2211 1137 2281 litteris
1162 2235 1221 2283 ex·

125 2337 237 2405 citant
259 2334 324 2424 ipsi
350 2354 437 2423 quos
460 2333 596 2402 edimus
622 2332 701 2404 libri
725 2341 882 2425 septem:
909 2334 1036 2424 quibus
1060 2333 1105 2404 de
1131 2358 1222 2426 quae·

125 2457 298 2528 sticnibus
319 2457 456 2548 aptiore
473 2455 552 2527 loco
569 2479 675 2547 quam
693 2458 729 2525 in
747 2457 903 2527 editione
921 2456 1078 2549 principe
1096 2466 1224 2529 tracta

126 2582 253 2662 bimus,
284 2579 373 2650 libro
407 2604 514 2671 quem
550 2579 689 2651 Gallice
723 2580 948 2649 scribendum
982 2603 1146 2672 paramus
1181 2583 1225 2653 de

127 2704 254 2796 insigni
283 2703 351 2774 hoc
385 2704 495 2773 etad
525 2726 631 2775 omne
662 2703 859 2774 litterarum
894 2727 1006 2797 genus
1035 2706 1227 2777 utilissimo

127 2825 291 2920 Origenis
308 2848 425 2920 opere.

175 2951 330 3023 Animus
356 2959 432 3021 erat
454 2950 606 3040 primum
629 2951 665 3018 in
689 2951 844 3043 principe
868 2951 934 3022 hac
952 2952 1108 3022 editione
1131 2951 1228 3021 codi-

128 3094 206 3143 cem
240 3074 291 3142 ita
324 3078 571 3165 repraesentare
605 3074 658 3141 uti
694 3074 843 3165 scriptus
877 3085 941 3156 est,
976 3075 1228 3148 emendatione

126 3197 222 3266 omni
250 3197 287 3264 in
314 3195 514 3264 inferiorem
544 3197 739 3287 marginem
766 3199 932 3293 relegata.
985 3199 1124 3271 Verum
1152 3211 1227 3272 tam

126 3319 329 3409 frequentes
363 3318 483 3386 insunt
520 3314 739 3390 librariorum
777 3321 1025 3404 aberrationes,
1058 3332 1100 3393 ut
1135 3325 1228 3415 ejus-

126 3442 222 3512 modi
240 3451 361 3511 textus
379 3442 566 3532 saepissime
584 3439 792 3513 inhibuisset
810 3443 979 3515 lectorem
1000 3455 1037 3515 et
1055 3457 1228 3537 perpetua

127 3566 278 3656 quadarn
309 3564 474 3635 molestia
504 3565 694 3658 fatigasset.
758 3566 933 3639 Praeterea
966 3570 1003 3638 in
1036 3569 1105 3639 illis
1140 3570 1228 3643 locis

126 3690 187 3760 ubi
202 3689 375 3782 Origenes
395 3688 547 3759 Sextum
563 3687 793 3782 Emphicnm,
806 3691 1002 3775 Platonem,
1016 3693 1226 3785 Josephum‚

128 3813 165 3883 S.
187 3814 370 3897 Irenaeum,
397 3814 484 3884 alios
514 3815 558 3884 ad
590 3817 736 3887 verbum
767 3815 841 3886 fere
871 3816 1010 3908 repetit,
1041 3819 1228 3908 perspicue

128 3940 290 4031 cognosci
322 3946 462 4030 poterat
490 3946 577 4028 quot
606 3948 644 4009 et
674 3946 807 4030 quanta
833 3937 919 4007 vitia
948 3936 1016 4006 hoc
1046 3960 1133 4029 opus
1163 3962 1228 4030 per

129 4061 331 4130 evidentem
348 4059 518 4129 incuriam
537 4058 756 4132 librariorum
775 4071 941 4133 traxerat.
976 4059 1099 4130 Potius
1118 4061 1230 4153 igitur

208 4335 220 4367 ⁰
235 4325 278 4383 De
292 4325 376 4400 hujus
391 4327 484 4400 operis
499 4335 613 4386 auctore
628 4330 665 4387 cf.
676 4327 770 4386 Photii
785 4325 919 4383 Biblioth.
934 4326 996 4382 cod.
1013 4324 1151 4380 XLVIll.
